% This file was created with JabRef 2.10.
% Encoding: UTF8


@Article{Abel2014,
  Title                    = {Quantifying Global International Migration Flows},
  Author                   = {Guy J. Abel and Nikola Sander},
  Journal                  = {Science},
  Year                     = {2014},
  Month                    = mar,
  Pages                    = {1520--1522},
  Volume                   = {342},

  Timestamp                = {2014.08.19}
}

@Book{Aitchison1986,
  Title                    = {The Statistical Analysis of Compositional Data},
  Author                   = {John Aitchison},
  Year                     = {1986},
  Editor                   = {John Aitchison},
  Publisher                = {Chapman and Hall},
  Series                   = {Monographs on statistics and applied probability},

  Address                  = {New York},
  Timestamp                = {2014.08.19}
}

@Article{Aitchison2002,
  Title                    = {Biplots of compositional data},
  Author                   = {John Aitchison},
  Journal                  = {Applied Statistics},
  Year                     = {2002},
  Number                   = {4},
  Pages                    = {375--392},
  Volume                   = {51},

  Timestamp                = {2014.08.19}
}

@Article{Aitchison1982,
  Title                    = {The Statistical Analysis of Compositional Data},
  Author                   = {John Aitchison},
  Journal                  = {Journal of the Royal Statistical Society. Series B (Methodological)},
  Year                     = {1982},
  Number                   = {2},
  Pages                    = {139--177},
  Volume                   = {44},

  Timestamp                = {2014.08.04}
}

@Article{AAPCFN2004,
  Title                    = {Age Terminology During the Perinatal Period},
  Author                   = {{American Academy of Pediatrics Committee on Fetus and Newborn}},
  Journal                  = {Pediatrics},
  Year                     = {2004},
  Number                   = {5},
  Pages                    = {1362--1364},
  Volume                   = {114},

  Timestamp                = {2016.01.14}
}

@Book{Andreev2002,
  Title                    = {Evolution of the Danish population from 1835 to 2000},
  Author                   = {K. F. Andreev},
  Year                     = {2002},
  Publisher                = {University Press},

  Address                  = {Odense},
  Timestamp                = {2014.11.24}
}

@Phdthesis{Andreev1999,
  Title                    = {Demographic surfaces: estimation, assessment and presentation, with application to Danish mortality, 1835-1995},
  Author                   = {K. F. Andreev},
  Year                     = {1999},
  Type                     = {PhD Dissertation},

  Address                  = {Odense},
  School                   = {University of Southern Denmark},
  Timestamp                = {2014.11.24}
}

@Book{Angrist2009,
  Title                    = {Mostly Harmless Econometrics: An Empiricist's Companion},
  Author                   = {Joshua David Angrist and Jörn-Steffen Pischke},
  Year                     = {2009},
  Editor                   = {Joshua David Angrist and Jörn-Steffen Pischke},
  Publisher                = {Princeton University Press},

  Address                  = {Princeton},
  Timestamp                = {2015.03.26}
}

@Article{Arthur1984,
  Title                    = {Some general relationships in population dynamics},
  Author                   = {W. Brian Arthur and James W. Vaupel},
  Journal                  = {Population Index},
  Year                     = {1984},
  Number                   = {2},
  Pages                    = {214--226},
  Volume                   = {50},

  Timestamp                = {2014.09.09}
}

@Article{Atkinson2007,
  Title                    = {Beck, individualization and the death of class: a critique},
  Author                   = {Will Atkinson},
  Journal                  = {The British Journal of Sociology},
  Year                     = {2007},
  Number                   = {3},
  Pages                    = {349--366},
  Volume                   = {58},

  Timestamp                = {2011.06.09}
}

@Techreport{AutorengruppeBildungsberichterstattung2012,
  Title                    = {Bildung in Deutschland 2012. Ein indikatorengestützter Bericht mit einer Analyse zur kulturellen Bildung im Lebenslauf},
  Author                   = {{Autorengruppe Bildungsberichterstattung}},
  Institution              = {Deutsches Institut für Internationale Pädagogische Forschung},
  Year                     = {2012},

  Timestamp                = {2014.01.27}
}

@Article{Bakketeig1978,
  Title                    = {A Fetal-Infant Life Table Based on Single Births in Norway, 1967--1973},
  Author                   = {Leiv S. Bakketeig and Daniel G. Seigel and Phyllis M. Sternthal},
  Journal                  = {American Journal of Epidemiology},
  Year                     = {1978},
  Number                   = {3},
  Pages                    = {216--225},
  Volume                   = {107},

  Publisher                = {Oxford Univ Press},
  Timestamp                = {2016.01.12}
}

@Incollection{Beck1994,
  Title                    = {Bildungsverlust und Zukunftsangst. Leben in der Risikogesellschaft},
  Author                   = {Ulrich Beck},
  Booktitle                = {Bindungsverlust und Zukunftsangst. Leben in der Risikogesellschaft. Eine Disputation},
  Editor                   = {Hans-Hermann Hartwich},
  Year                     = {1994},
  Publisher                = {Leske + Budrich},

  Address                  = {Opladen},
  Timestamp                = {2011.06.12}
}

@Article{Beck2008,
  Title                    = {Jenseits von Klasse und Nation: Individualisierung und Transnationalisierung sozialer Ungleichheiten},
  Author                   = {Ulrich Beck},
  Journal                  = {Soziale Welt},
  Year                     = {2008},
  Number                   = {4},
  Pages                    = {301--326},
  Volume                   = {59},

  Timestamp                = {2011.06.09}
}

@Book{Beck1986,
  Title                    = {Risikogesellschaft: Auf dem Weg in eine andere Moderne},
  Author                   = {Ulrich Beck},
  Year                     = {1986},
  Publisher                = {Suhrkamp},

  Address                  = {Frankfurt am Main},
  Timestamp                = {2011.06.08}
}

@Article{Beck1993,
  Title                    = {Nicht Autonomie, sondern Bastelbiographie},
  Author                   = {Ulrich Beck and Elisabeth Beck-Gernsheim},
  Journal                  = {Zeitschrift für Soziologie},
  Year                     = {1993},
  Month                    = jun,
  Number                   = {3},
  Pages                    = {178--187},
  Volume                   = {22},

  Timestamp                = {2011.06.08}
}

@Inbook{Becker1981,
  Title                    = {A Treatise on the Family},
  Author                   = {Gary S. Becker},
  Year                     = {1981},
  Chapter                  = {The Demand for Children},
  Editor                   = {Gary S. Becker},
  Pages                    = {135--154},
  Publisher                = {Harvard University Press},

  Timestamp                = {2015.05.17}
}

@Article{Becker1996,
  Title                    = {The design and control of Trellis display},
  Author                   = {R. A. Becker and William S. Cleveland and M-J Shyu},
  Journal                  = {Journal of Computational and Graphical Statistics},
  Year                     = {1996},
  Pages                    = {123--155},
  Volume                   = {5},

  Timestamp                = {2014.08.31}
}

@Article{Bender2007,
  Title                    = {Logistische Regression},
  Author                   = {R. Bender and A. Ziegler and S. Lange},
  Journal                  = {Deutsche Medizinische Wochenschrift},
  Year                     = {2007},
  Pages                    = {33--35},
  Volume                   = {132},

  Timestamp                = {2012.09.20}
}

@Techreport{Bender2001,
  Title                    = {Unterschiedliche Startbedingungen haben langfristige Folgen. Der Einmündungsverlauf der Geburtskohorten 1964 und 1971 in Ausbildung und Beschäftigung -- Befunde aus einem IAB-Projekt},
  Author                   = {Stefan Bender and Hans Dietrich},
  Institution              = {Institut für Arbeitsmarkt- und Berufsforschung},
  Year                     = {2001},
  Number                   = {11},
  Type                     = {IAB Werkstattbericht},

  Address                  = {Nürnberg},
  Timestamp                = {2014.02.06}
}

@Article{Berlemann2004,
  Title                    = {Zur Entwicklung der Lebenszufriedenheit nach der deutschen Wiedervereinigung -- Eine empirische Analyse in Sachsen, Ost- und Westdeutschland},
  Author                   = {Michael Berlemann and Claudia Kemmesies},
  Journal                  = {ifo Dresden berichtet},
  Year                     = {2004},
  Pages                    = {3--10},
  Volume                   = {6},

  Timestamp                = {2012.09.20}
}

@Electronic{Bertini2015,
  Title                    = {RevEx},
  Author                   = {Enrico Bertini},
  Url                      = {https://nyuvis.github.io/revex/},
  Year                     = {2015},
  Note                     = {Online 2015-09-24},

  HowPublished             = {World Wide Web},
  Timestamp                = {2015.09.24}
}

@Article{Billari2010,
  Title                    = {Towards a new pattern of transition to adulthood?},
  Author                   = {Billari, Francesco C and Liefbroer, Aart C},
  Journal                  = {Advances in Life Course Research},
  Year                     = {2010},
  Doi                      = {10.1016/j.alcr.2010.10.003},
  Number                   = {2},
  Pages                    = {59--75},
  Url                      = {http://www.sciencedirect.com/science/article/pii/S1040260810000407},
  Volume                   = {15},

  Keywords                 = {Transition to adulthood Europe, Timing and sequencing, Individualization, Second Demographic Transition},
  Publisher                = {Elsevier},
  Timestamp                = {2013.03.19}
}

@Electronic{Blossfeld2005a,
  Title                    = {Summary Global Life Project},
  Author                   = {Hans-Peter Blossfeld},
  Url                      = {http://oldsite.soziologie-blossfeld.de/globalife/summary/index.html},
  Year                     = {2005},
  Organization             = {Universität Bamberg -- Institut für Soziologie},
  Urldate                  = {2011-07-01},

  HowPublished             = {World Wide Web},
  Timestamp                = {2011.06.18}
}

@Article{Blossfeld1993,
  Title                    = {Die berufliche Erstausbildung Jugendlicher im internationalen Vergleich},
  Author                   = {Blossfeld, Hans-Peter},
  Journal                  = {Zeitschrift für Berufs-und Wirtschaftspädagogik},
  Year                     = {1993},
  Pages                    = {23--40},
  Volume                   = {11},

  Timestamp                = {2013.11.09}
}

@Techreport{Blossfeld2005b,
  Title                    = {Flexibility processes and social inequalities at labor market entry and in the early career},
  Author                   = {Blossfeld, Hans-Peter and Buchholz, Sandra and Bukodi, Erzsébet and Ebralidze, Ellen and Kurz, Karin and Relikowski, Ilona and Schmelzer, Paul},
  Institution              = {Faculty of Social and Economic Sciences -- Otto-Friedrich-University Bamberg},
  Year                     = {2005},
  Number                   = {1},
  Type                     = {Flex Career Working Paper},

  Address                  = {Bamberg},
  Timestamp                = {2013.11.13}
}

@Book{Blossfeld2007,
  Title                    = {Event History Analysis with Stata},
  Author                   = {Blossfeld, Hans-Peter and Golsch, Katrin and Rohwer, Götz},
  Year                     = {2007},
  Publisher                = {Lawrence Erlbaum Associates},

  Address                  = {New Jersey},
  Timestamp                = {2013.11.20}
}

@Incollection{Blossfeld2008,
  Title                    = {Globalisierung, Flexibilisierung und der Wandel von Lebensläufen in modernen Gesellschaften},
  Author                   = {Hans-Peter Blossfeld and Dirk Hofäcker and Heather Hofmeister and Karin Kurz},
  Booktitle                = {Flexibilisierung. Folgen für Arbeit und Familie},
  Editor                   = {Marc Szydlik},
  Year                     = {2008},
  Pages                    = {23--46},
  Publisher                = {VS Verlag für Sozialwissenschaften},

  Address                  = {Wiesbaden},
  Timestamp                = {2011.05.15}
}

@Book{Blossfeld2005,
  Title                    = {Globalization, uncertainty and youth in society},
  Author                   = {Hans-Peter Blossfeld and Erik Klijzing and Melinda Mills and Karin Kurz},
  Year                     = {2005},
  Editor                   = {Hans-Peter Blossfeld and Erik Klijzing and Melinda Mills and Karin Kurz},
  Publisher                = {Routledge},

  Address                  = {London},
  Timestamp                = {2011.05.17}
}

@Article{Bongaarts1978,
  Title                    = {A Framework for Analyzing the Proximate Determinants of Fertility},
  Author                   = {John Bongaarts},
  Journal                  = {Population and Development Review},
  Year                     = {1978},
  Number                   = {1},
  Pages                    = {105--132},
  Volume                   = {4},

  Timestamp                = {2015.05.17}
}

@Techreport{Brauns2001,
  Title                    = {Education and Unemployment: Patterns of Labour Market Entry in France, the United Kingdom and West Germany},
  Author                   = {Hildegard Brauns and Markus Gangl and Stefani Scherer},
  Institution              = {Mannheim Centre for European Social Research (MZES)},
  Year                     = {2001},
  Month                    = jan,
  Type                     = {Working paper},

  Address                  = {Mannheim},
  Timestamp                = {2011.05.15}
}

@Inbook{Brewer1994,
  Title                    = {Color Use Guidelines for Mapping and Visualization},
  Author                   = {Cynthia A. Brewer},
  Year                     = {1994},
  Chapter                  = {7},
  Editor                   = {Alan M. MacEachren and D. R. Fraser Taylor},
  Pages                    = {123--147},
  Publisher                = {Academic Press},
  Series                   = {Modern Cartography Series},
  Volume                   = {2: Visualization in Modern Cartography},

  Timestamp                = {2014.07.31}
}

@Inproceedings{Brewer1999,
  Title                    = {Color Use Guidelines for Data Representation},
  Author                   = {Cynthia A. Brewer},
  Booktitle                = {Proceedings of the Section on Statistical Graphics},
  Year                     = {1999},
  Organization             = {American Statistical Association},
  Pages                    = {55--60},

  Address                  = {Alexandria, VA},
  Timestamp                = {2014.07.31}
}

@Article{Brewer1994a,
  Title                    = {Guidelines for use of the perceptual dimensions of color for mapping and visualization},
  Author                   = {Cynthia A. Brewer},
  Journal                  = {SPIE},
  Year                     = {1994},
  Pages                    = {54--63},
  Volume                   = {2171},

  Timestamp                = {2014.07.31}
}

@Incollection{Brixy2004,
  Title                    = {Gründungsraten, Anteil überlebender Betriebe und Beschäftigungsentwicklung im Ost-West-Vergleich},
  Author                   = {Udo Brixy and Reinhold Grotz},
  Booktitle                = {Empirische Analysen zum Gründungsgeschehen in Deutschland},
  Editor                   = {Michael Fritsch and Reinhold Grotz},
  Year                     = {2004},
  Chapter                  = {11},
  Pages                    = {187--198},
  Publisher                = {Springer},

  Address                  = {Heidelberg},
  Timestamp                = {2014.02.06}
}

@Incollection{Brueckner2005,
  Title                    = {The De-Standardization of the Life Course: What It Might Mean and if it Means Anything wheter it Actually Took Place},
  Author                   = {Hannah Brückner and Karl Ulrich Mayer},
  Booktitle                = {The Structure of the Life Course: Standardized? Individualized? Differentiated?},
  Editor                   = {Ross Mackmillan},
  Year                     = {2005},
  Pages                    = {27--54},
  Publisher                = {Elsevier},
  Series                   = {Advances in life course research},
  Volume                   = {9},

  Address                  = {Amsterdam},
  Timestamp                = {2011.05.22}
}

@Techreport{Bruederl2013,
  Title                    = {pairfam Data Manual Release 4.0},
  Author                   = {Josef Brüderl and Kristin Hajek and Bernadette Huyer-May and Volker Ludwig and Bettina Müller and Ulrike Müller and Jasmin Passet and Klaus Pforr and Mirte Scholten and Philipp Schütze and Nina Schumann},
  Institution              = {Universität München},
  Year                     = {2013},

  Address                  = {München},
  Timestamp                = {2014.01.27}
}

@Manual{Bruederl2011,
  Title                    = {pairfam Data Manual},
  Author                   = {Josef Brüderl and Volker Ludwig and Jasmin Passet and Klaus Pforr and Philipp Schütze and Nina Schumann},
  Year                     = {2011},
  Note                     = {Release 2.0},

  Institution              = {Mannheim Centre for European Social Research},
  Month                    = may,
  Timestamp                = {2013.03.15}
}

@Techreport{Bruederl2011a,
  Title                    = {Praktische Anwendungsbeispiele zum Umgang mit den pairfam-Daten (Welle 1)},
  Author                   = {Josef Brüderl and Volker Ludwig and Klaus Pforr and Nina Schumann},
  Institution              = {Universität Mannheim},
  Year                     = {2011},
  Month                    = may,

  Timestamp                = {2013.03.15}
}

@Electronic{Brugger2014,
  Title                    = {Studienberechtigten-, Studienanfänger- und Absolventenquote},
  Author                   = {Pia Brugger},
  Url                      = {https://www.destatis.de/DE/Meta/AbisZ/Hochschulstatistik_Quoten.html},
  Year                     = {2014},
  Note                     = {Online 2014--02--20},
  Organization             = {Statistisches Bundesamt},

  Address                  = {Wiesbaden},
  HowPublished             = {World Wide Web},
  Timestamp                = {2014.02.20}
}

@Inproceedings{Buchholz2007a,
  Title                    = {Unsicherer Job = keine Kinder},
  Author                   = {Sandra Buchholz},
  Booktitle                = {Globalisierung und ihre Folgen für die Familie},
  Editor                   = {Hans-Peter Blossfeld},
  Year                     = {2007},
  Organization             = {ifb -- Staatsinstitut für Familienforschung an der Universität Bamberg},
  Pages                    = {17--32},
  Publisher                = {ifb -- Staatsinstitut für Familienforschung an der Universität Bamberg},
  Series                   = {ifb -- Materialien},
  Volume                   = {3},

  Address                  = {Bamberg},
  Timestamp                = {2011.06.22}
}

@Book{Buchholz2008,
  Title                    = {Die Flexibilisierung des Erwerbsverlaufs. Eine Analyse von Einstiegs- und Ausstiegsprozessen in Ost- und Westdeutschland},
  Author                   = {Sandra Buchholz},
  Year                     = {2008},
  Publisher                = {VS Verlag für Sozialwissenschaften},

  Address                  = {Wiesbaden},
  Timestamp                = {2013.11.21}
}

@Inproceedings{Buchholz2007,
  Title                    = {Beschäftigungsflexibilisierung in Deutschland –- Wen betrifft sie und wie hat sie sich auf die Veränderung sozialer Inklusion/Exklusion in Deutschland ausgewirkt?},
  Author                   = {Sandra Buchholz and Hans-Peter Blossfeld},
  Booktitle                = {Autorentagung ‘Inklusion und Exklusion. Analysen zur Sozialstruktur und sozialen Ungleichheit'},
  Year                     = {2007},
  Month                    = oct,

  Address                  = {Berlin},
  Timestamp                = {2011.05.15}
}

@Article{Buchholz2009,
  Title                    = {Life Courses in the Globalization Process: The Development of Social Inequalities in Modern Societies},
  Author                   = {Sandra Buchholz and Dirk Hofäcker and Melinda Mills and Hans-Peter Blossfeld and Karin Kurz and Heather Hofmeister},
  Journal                  = {European Sociological Review},
  Year                     = {2009},
  Number                   = {1},
  Pages                    = {53--71},
  Volume                   = {25},

  Timestamp                = {2011.05.16}
}

@Article{Buchmann2011,
  Title                    = {Transition to Adulthood in Europe},
  Author                   = {Marlis C. Buchmann and Irene Kriesi},
  Journal                  = {Annual Review of Sociology},
  Year                     = {2011},
  Doi                      = {10.1146/annurev-soc-081309-150212},
  Pages                    = {481--503},
  Volume                   = {37},

  Keywords                 = {transition markers, school-to-work transitions, family formation, timing, sequencing, postponement, cross-national differences},
  Timestamp                = {2013.03.19}
}

@Article{Burnham2004,
  Title                    = {Multimodel Inference -- Understanding AIC and BIC in Model Selection},
  Author                   = {Kenneth P. Burnham and David R. Anderson},
  Journal                  = {Sociological Methods \& Research},
  Year                     = {2004},
  Number                   = {2},
  Volume                   = {33},

  Timestamp                = {2014.07.26}
}

@Article{Card1994,
  Title                    = {Minimum Wages and Employment: A Case Study of the Fast-Food Industry in New Jersey and Pennsylvania.},
  Author                   = {David Card and Alan B. Krueger},
  Journal                  = {The American Economic Review},
  Year                     = {1994},
  Month                    = {09},
  Number                   = {4},
  Pages                    = {772--793},
  Volume                   = {84},

  Timestamp                = {2015.03.26}
}

@Electronic{Carstensen2014,
  Title                    = {Epi: A package for statistical analysis in epidemiology},
  Author                   = {Bendix Carstensen and Martyn Plummer and Esa Laara and Michael Hills},
  Url                      = {http://cran.r-project.org/web/packages/Epi/index.html},
  Year                     = {2014},
  Month                    = jul,
  Note                     = {Online 2014--11--26},
  Organization             = {The R Project for Statistical Computing},

  HowPublished             = {CRAN},
  Timestamp                = {2014.11.26}
}

@Article{Caselli1985,
  Title                    = {Mortality in Italy: contours of a century of evolution},
  Author                   = {G. Caselli and J. W. Vaupel and A. I. Yashin},
  Journal                  = {Genus},
  Year                     = {1985},
  Number                   = {1},
  Pages                    = {39--55},
  Volume                   = {41},

  Timestamp                = {2014.11.24}
}

@Article{Caswell2010,
  Title                    = {Reproductive value, the stable stage distribution, and the sensitivity of the population growth rate to changes in vital rates},
  Author                   = {Hal Caswell},
  Journal                  = {Demographic Research},
  Year                     = {2010},
  Pages                    = {531--548},
  Volume                   = {23},

  Timestamp                = {2015.01.26}
}

@Manual{Chang2016,
  Title                    = {shiny: Web Application Framework for R},
  Author                   = {Winston Chang and {others}},
  Year                     = {2016},
  Note                     = {R package version 0.13.1},
  Url                      = {http://CRAN.R-project.org/package=shiny},

  Timestamp                = {2016.03.07}
}

@Article{Chu2008,
  Title                    = {Explaining the optimality of U-shaped age-specific mortality},
  Author                   = {C.Y. Cyrus Chu and Hung-Ken Chien and Ronald D. Lee},
  Journal                  = {Theoretical population biology},
  Year                     = {2008},
  Number                   = {2},
  Pages                    = {171--180},
  Volume                   = {73},

  Journaltitle             = {Theoretical Population Biology},
  Publisher                = {Elsevier},
  Timestamp                = {2015.12.15}
}

@Inbook{Cleveland1994,
  Title                    = {The Elements of Graphing Data},
  Author                   = {William S. Cleveland},
  Year                     = {1994},
  Chapter                  = {4},
  Editor                   = {William S. Cleveland},
  Pages                    = {221--270},
  Publisher                = {Hobart Press},

  Timestamp                = {2014.08.18}
}

@Article{Cleveland1984,
  Title                    = {Graphical Perception: Theory, Experimentation, and Application to the Development of Graphical Methods},
  Author                   = {William S. Cleveland and Robert McGill},
  Journal                  = {Journal of the American Statistical Association},
  Year                     = {1984},
  Number                   = {387},
  Pages                    = {531--554},
  Volume                   = {79},

  Timestamp                = {2014.08.12}
}

@Article{Coale1984,
  Title                    = {The Demographic Transition},
  Author                   = {Coale, Ansley J},
  Journal                  = {The Pakistan Development Review},
  Year                     = {1984},
  Number                   = {4},
  Pages                    = {531--552},
  Volume                   = {23},

  Publisher                = {JSTOR},
  Timestamp                = {2016.01.24}
}

@Article{Connolly2003,
  Title                    = {The role of peers in the emergence of heterosexual romantic relationships in adolescence},
  Author                   = {Connolly, Jennifer and Furman, Wyndol and Konarski, Roman},
  Journal                  = {Child development},
  Year                     = {2003},
  Doi                      = {10.1111/1467-8624.00235/abstract},
  Number                   = {5},
  Pages                    = {1395--1408},
  Volume                   = {71},

  Publisher                = {Wiley Online Library},
  Timestamp                = {2013.03.21}
}

@Incollection{Connolly2011,
  Title                    = {Romantic relationships in adolescence},
  Author                   = {Connolly, Jennifer and McIsaac, Caroline},
  Booktitle                = {Social Development: relationships in infancy, childhood and adolescence},
  Editor                   = {Marion K. Underwood},
  Year                     = {2011},
  Chapter                  = {8},
  Pages                    = {180--206},
  Publisher                = {The Guilford Press},
  Url                      = {http://books.google.com/books?hl=en&amp;lr=&amp;id=s6aLf5Ig_K8C&amp;oi=fnd&amp;pg=PA180&amp;dq=The+role+of+peers+in+the+emergence+of+heterosexual+romantic+relationships+in+adolescence&amp;ots=xYn8QmjgFB&amp;sig=cAAdNbjwOP1HATUNAKlO5g3wW5Q},

  Address                  = {New York},
  Journal                  = {Social Development: Relationships in Infancy, Childhood, and Adolescence},
  Timestamp                = {2013.03.21}
}

@Book{Cooke2011,
  Title                    = {Gender-Class Equality in Political Economies},
  Author                   = {Cooke, Lynn Prince},
  Year                     = {2011},
  Location                 = {New York},
  Publisher                = {Routledge},

  Timestamp                = {2016.01.24}
}

@Article{Cooke2008,
  Title                    = {Migration in a Family Way},
  Author                   = {Thomas J. Cooke},
  Journal                  = {Population, Space and Place},
  Year                     = {2008},
  Pages                    = {255--265},
  Volume                   = {14},

  Timestamp                = {2015.03.26}
}

@Article{Cox1972,
  Title                    = {Regression Models and Life-Tables},
  Author                   = {D. R. Cox},
  Journal                  = {Journal of the Royal Statistical Society. Series B (Methodological)},
  Year                     = {1972},
  Number                   = {2},
  Pages                    = {187--220},
  Volume                   = {34},

  Timestamp                = {2014.02.25}
}

@Article{Crook2009,
  Title                    = {Is the grass greener? From health statistics to policy decisions},
  Author                   = {Errol D. Crook and Terry J. Hundley},
  Journal                  = {The Lancet},
  Year                     = {2009},
  Number                   = {9656},
  Pages                    = {2090--2092},
  Volume                   = {372},

  Publisher                = {Elsevier},
  Timestamp                = {2016.01.22}
}

@Electronic{Dalzell2013,
  Title                    = {Optimization in R. A conversation with John Nash about optim and optimx.},
  Author                   = {Catherine Dalzell},
  Url                      = {http://www.ibm.com/developerworks/library/ba-optimR-john-nash/index.html},
  Year                     = {2013},
  Month                    = oct,
  Note                     = {Online 2014--07--27},
  Organization             = {IBM},

  HowPublished             = {World Wide Web},
  Timestamp                = {2014.07.27}
}

@Electronic{dapdNachrichtenagentur2012,
  Title                    = {Berufsbildungsbericht: Betrieben droht Azubi-Mangel},
  Author                   = {{dapd Nachrichtenagentur}},
  Url                      = {http://www.spiegel.de/wirtschaft/unternehmen/berufsbildungsbericht-azubi-mangel-verschaerft-sich-a-831561.html},
  Year                     = {2012},
  Month                    = may,
  Note                     = {Online 2013--11--21},
  Organization             = {Spiegel Online},

  Address                  = {Hamburg},
  HowPublished             = {World Wide Web},
  Timestamp                = {2013.11.21}
}

@Article{Deaton2008,
  Title                    = {Income, Health, and Well-Being around the World: Evidence from the Gallup World Poll},
  Author                   = {Angus Deaton},
  Journal                  = {Journal of Economic Perspectives},
  Year                     = {2008},
  Number                   = {2},
  Pages                    = {53--72},
  Volume                   = {22},

  Timestamp                = {2012.09.20}
}

@Book{Delaporte1941,
  Title                    = {Evolution de la mortalité en Europe depuis l'origine des statistiques de l'Etat civil (Tables de mortalité de generations)},
  Author                   = {P. Delaporte},
  Year                     = {1941},
  Publisher                = {Imprimerie Nationale},

  Timestamp                = {2014.11.26}
}

@Article{Demeny2003,
  Title                    = {Population Policy Dilemmas in Europe at the Dawn of the Twenty-First Century},
  Author                   = {Paul Demeny},
  Journal                  = {Population and Development Review},
  Year                     = {2003},
  Number                   = {1},
  Pages                    = {1--28},
  Volume                   = {29},

  Publisher                = {Wiley Online Library},
  Timestamp                = {2016.01.20}
}

@Book{Diaz-Bone2006,
  Title                    = {Statistik für Soziologen},
  Author                   = {Rainer Diaz-Bone},
  Year                     = {2006},
  Publisher                = {UVK Verlagsgesellschaft mbH},

  Address                  = {Konstanz},
  Timestamp                = {2012.09.20}
}

@Incollection{Dietrich2008,
  Title                    = {Eintritt in den Arbeitsmarkt},
  Author                   = {Hans Dietrich and Martin Abraham},
  Booktitle                = {Arbeitsmarktsoziologie. Probleme, Theorien, empirische Befunde},
  Editor                   = {Martin Abraham and Thomas Hinz},
  Year                     = {2008},
  Pages                    = {69--98},
  Publisher                = {VS Verlag für Sozialwissenschaften},

  Address                  = {Wiesbaden},
  Timestamp                = {2013.11.21}
}

@Electronic{DVS2015,
  Title                    = {Vital Statistics Data},
  Author                   = {{Division of Vital Statistics}},
  Url                      = {http://www.cdc.gov/nchs/data_access/Vitalstatsonline.htm},
  Year                     = {2015},
  Note                     = {Online 2015-12-14},
  Organization             = {{National Center for Health Statistics}},
  Subtitle                 = {Period Linked Birth-Infant Death Data Files and Fetal Death Data Files},

  Timestamp                = {2015.12.14}
}

@Article{Draper1999,
  Title                    = {Prediction of survival for preterm births by weight and gestational age: retrospective population based study},
  Author                   = {Elizabeth S. Draper and Bradley Manktelow and David J. Field and David James},
  Journal                  = {British Medical Journal},
  Year                     = {1999},
  Number                   = {7217},
  Pages                    = {1093--1097},
  Volume                   = {319},

  Publisher                = {BMJ Publishing Group Ltd},
  Timestamp                = {2016.01.18}
}

@Incollection{Easterlin1974,
  Title                    = {Does Economic Growth Improve the Human Lot? Some empirical evidence},
  Author                   = {Richard A. Easterlin},
  Booktitle                = {Nations and Households in Economic Growth: Essays in Honor of Moses Abramovitz},
  Editor                   = {Paul A. David and Melvin W. Reder},
  Year                     = {1974},
  Pages                    = {89--125},
  Publisher                = {Academic Press, Inc},

  Address                  = {New York},
  Timestamp                = {2012.09.16}
}

@Book{Easterlin1987,
  Title                    = {Birth and Fortune},
  Author                   = {Richard A. Easterlin},
  Year                     = {1987},
  Publisher                = {The University of Chicago Press},

  Address                  = {Chicago},
  Timestamp                = {2014.01.29}
}

@Incollection{Ecarius2008,
  Title                    = {Der historische Wandel von Sozialisationskontexten},
  Author                   = {Jutta Ecarius and Thorsten Fuchs and Katrin Wahl},
  Booktitle                = {Handbuch Sozialisationsforschung},
  Editor                   = {Klaus Hurrelmann and Matthias Grundmann and Sabine Walper},
  Year                     = {2008},
  Chapter                  = {2},
  Pages                    = {104--116},
  Publisher                = {Beltz Verlag},

  Address                  = {Weinheim and Basel},
  Timestamp                = {2013.03.21}
}

@Techreport{Eichhorst2010,
  Title                    = {Vereinbarkeit von Familie und Beruf 2010. Benchmarking Deutschland: Steigende Erwerbsbeteiligung, aber schwierigere Übergänge.},
  Author                   = {Werner Eichhorst and Eric Thode},
  Institution              = {IZA - Forschungsinstitut zur Zukunft der Arbeit},
  Year                     = {2010},
  Month                    = nov,
  Number                   = {30},
  Type                     = {IZA Research Report},

  Address                  = {Bonn},
  Timestamp                = {2014.01.18}
}

@Article{ElderJr.1994,
  Title                    = {Time, Human Agency, and Social Change: Perspectives on the Life Course},
  Author                   = {Elder Jr., Glenn H.},
  Journal                  = {Social Psychology Quarterly},
  Year                     = {1994},
  Number                   = {1},
  Pages                    = {4--15},
  Volume                   = {57},

  Timestamp                = {2013.12.06}
}

@Article{ElderJr.1977,
  Title                    = {Family History and the Life Course},
  Author                   = {Elder Jr., Glenn H.},
  Journal                  = {Journal of Family History},
  Year                     = {1977},
  Pages                    = {279--304},
  Volume                   = {2},

  Timestamp                = {2011.06.09}
}

@Book{Engelhardt2002,
  Title                    = {Zur Dynamik von Ehescheidungen: Theoretische und empirische Analysen},
  Author                   = {Engelhardt, Henriette},
  Year                     = {2002},
  Publisher                = {Duncker \& Humblot},
  Series                   = {Rostocker Beiträge zur Demographie},
  Volume                   = {2},

  Address                  = {Berlin},
  Timestamp                = {2013.03.19}
}

@Incollection{Esping-Andersen2006,
  Title                    = {Three Worlds of Welfare Capitalism},
  Author                   = {Gøsta Esping-Andersen},
  Booktitle                = {The Welfare State Reader},
  Editor                   = {Christopher Pierson and Francis G. Castles},
  Year                     = {2006},
  Pages                    = {160--174},
  Publisher                = {Polity Press},

  Address                  = {Cambridge},
  Timestamp                = {2011.06.12}
}

@Book{Esping-Andersen2009,
  Title                    = {The Incomplete Revolution: Adapting Welfare States to Women's New Roles},
  Author                   = {Esping-Andersen, Gosta},
  Year                     = {2009},
  Publisher                = {Polity},

  Timestamp                = {2016.01.20}
}

@Report{EuropeanCommission2012,
  Title                    = {Taking forward the Strategic Implementation Plan of the European Innovation Partnership on Active and Healthy Ageing},
  Author                   = {{European Commission}},
  Type                     = {Communication from the commission to the European parliament and the council},
  Year                     = {2012},
  Number                   = {COM(2012) 83 final},

  Timestamp                = {2016.01.24}
}

@Techreport{Eurostat2013,
  Title                    = {Arbeitslosenquote des Euroraums bei 12,1 \%},
  Author                   = {Eurostat},
  Institution              = {Eurostat},
  Year                     = {2013},
  Month                    = oct,
  Number                   = {179},
  Type                     = {Pressemitteilung Euroindikatoren},

  Timestamp                = {2013.12.05}
}

@Article{Eyton1984,
  Title                    = {Complementary-Color, Two-Variable Maps},
  Author                   = {J. Ronald Eyton},
  Journal                  = {Annals of the Assiciation of American Geographers},
  Year                     = {1984},
  Number                   = {3},
  Pages                    = {477--490},
  Volume                   = {74},

  Timestamp                = {2014.08.04}
}

@Book{Fairchild2005,
  Title                    = {Color Appearance Models},
  Author                   = {Mark D. Fairchild},
  Year                     = {2005},
  Edition                  = {2},
  Editor                   = {Michael A. Kriss},
  Publisher                = {Wiley},
  Series                   = {Wiley -- IS\&T Series in Imaging Science and Technology},

  Address                  = {Chichester},
  Timestamp                = {2014.11.24}
}

@Techreport{Falk2000,
  Title                    = {Gemeinsame Startbedingungen in Ost- und West? Risiken beim Berufseinstieg und deren Folgen im weiteren Erwerbsverlauf.},
  Author                   = {Falk, Susanne and Sackmann, Reinhold and Struck, Olaf and Weymann, Ansgar and Windzio, Michael and Wingens, Matthias},
  Institution              = {Sonderforschungsbereich 186 der Universität Bremen: Statuspassagen und Risikolagen im Lebensverlauf},
  Year                     = {2000},
  Number                   = {65},
  Type                     = {Arbeitspapier},

  Address                  = {Bremen},
  Timestamp                = {2013.11.09}
}

@Article{Friedlander2007,
  Title                    = {Biological, familial, and peer influences on dating in early adolescence},
  Author                   = {Friedlander, Laura J and Connolly, Jennifer A and Pepler, Debra J and Craig, Wendy M},
  Journal                  = {Archives of sexual behavior},
  Year                     = {2007},
  Number                   = {6},
  Pages                    = {821--830},
  Url                      = {http://www.springerlink.com/index/XM66WL8J83584114.pdf},
  Volume                   = {36},

  Publisher                = {Springer},
  Timestamp                = {2013.03.21}
}

@Electronic{Frisch2010,
  Title                    = {Die aktuelle Shell-Jugendstudie. Interview mit Prof.\ Dr.\ Klaus Hurrelmann},
  Author                   = {Christine Frisch},
  Url                      = {http://www.jugendforschung.de/index.php?option=com_content&view=article&id=307:die-aktuelle-shell-jugendstudie&catid=26:studie-der-woche&Itemid=32},
  Year                     = {2010},
  Month                    = dec,
  Organization             = {Jugendforschung.de},
  Urldate                  = {2011-07-01},

  HowPublished             = {World Wide Web},
  Timestamp                = {2011.07.01}
}

@Incollection{Fritsch2004,
  Title                    = {Entwicklung und sektorale Struktur von Gründungen und StiIlIegungen in Deutschland},
  Author                   = {Michael Fritsch and Michael Niese},
  Booktitle                = {Empirische Analysen zum Gründungsgeschehen in Deutschland},
  Editor                   = {Michael Fritsch and Reinhold Grotz},
  Year                     = {2004},
  Chapter                  = {3},
  Pages                    = {19--40},
  Publisher                = {Springer},

  Address                  = {Heidelberg},
  Timestamp                = {2014.02.06}
}

@Article{Gabriel1971,
  Title                    = {The biplot graphic display of matrices with application to principal component analysis},
  Author                   = {K. R. Gabriel},
  Journal                  = {Biometrika},
  Year                     = {1971},
  Number                   = {3},
  Pages                    = {453--467},
  Volume                   = {58},

  Timestamp                = {2014.08.19}
}

@Article{Galor2000,
  Title                    = {Population, Technology, and Growth: From Malthusian Stagnation to the Demographic Transition and Beyond},
  Author                   = {Galor, Oded and Weil, David N},
  Journal                  = {American Economic Review},
  Year                     = {2000},
  Number                   = {4},
  Pages                    = {806--828},
  Volume                   = {90},

  Publisher                = {JSTOR},
  Timestamp                = {2016.01.24}
}

@Techreport{Gambill1985,
  Title                    = {The LEXIS program for creating shaded contour maps of demographic surfaces},
  Author                   = {Bradley A. Gambill and James W. Vaupel},
  Institution              = {International Institute for Applied Systems Analysis (IIASA)},
  Year                     = {1985},
  Number                   = {WP-85-94},
  Type                     = {Working Paper},

  Address                  = {Laxenburg, Austria},
  Timestamp                = {2014.11.24}
}

@Techreport{Gambill1986,
  Title                    = {The LEXIS computer program for creating shaded contour maps of demographic surfaces},
  Author                   = {Bradley A. Gambill and James W. Vaupel and Anatoli I. Yashin},
  Institution              = {International Institute for Applied Systems Analysis (IIASA)},
  Year                     = {1986},
  Number                   = {WP-86-37},
  Type                     = {Working Paper},

  Address                  = {Laxenburg, Austria},
  Timestamp                = {2014.11.24}
}

@Article{Gangl2001,
  Title                    = {European patterns of labour market entry. A dichotomy of occupationalized vs. non-occupationalized systems?},
  Author                   = {Markus Gangl},
  Journal                  = {European Societies},
  Year                     = {2001},
  Number                   = {4},
  Pages                    = {471--494},
  Volume                   = {3},

  Timestamp                = {2011.05.15}
}

@Article{Gangl2001a,
  Title                    = {Changing Labour Markets and Early Career Outcomes: Labour Market Entry in Europe Over the Past Decade},
  Author                   = {Markus Gangl},
  Journal                  = {Work Employment Society},
  Year                     = {2001},
  Pages                    = {67--90},
  Volume                   = {16},

  Timestamp                = {2011.05.15}
}

@Techreport{Gangl2001b,
  Title                    = {Changing Labour Markets and Early Career Outcomes: Labour Market Entry in Europe Over the Past Decade},
  Author                   = {Markus Gangl},
  Institution              = {Mannheim Centre for European Social Research (MZES)},
  Year                     = {2001},
  Month                    = jan,
  Type                     = {Working paper},

  Address                  = {Mannheim},
  Timestamp                = {2011.05.15}
}

@Techreport{Gangl2001c,
  Title                    = {Education and Labour Market Entry across Europe: The Impact of Institutional Arrangements In Training Systems and Labour Markets},
  Author                   = {Markus Gangl},
  Institution              = {Mannheim Centre for European Social Research (MZES)},
  Year                     = {2001},
  Month                    = jan,
  Type                     = {Working paper},

  Address                  = {Mannheim},
  Timestamp                = {2011.05.15}
}

@Article{Gardosi1997,
  Title                    = {Gestational age and induction of labour for prolonged pregnancy},
  Author                   = {Jason Gardosi and Tracey Vanner and Andy Francis},
  Journal                  = {BJOG: An International Journal of Obstetrics \& Gynaecology},
  Year                     = {1997},
  Number                   = {7},
  Pages                    = {792--797},
  Volume                   = {104},

  Publisher                = {Wiley Online Library},
  Timestamp                = {2016.01.22}
}

@Book{Geissler2008,
  Title                    = {Die Sozialstruktur Deutschlands. Zur gesellschaftlichen Entwicklung mit einer Bilanz zur Vereinigung},
  Author                   = {Rainer Geißler},
  Year                     = {2008},
  Edition                  = {5},
  Publisher                = {VS Verlag für Sozialwissenschaften},

  Address                  = {Wiesbaden},
  Timestamp                = {2011.06.07}
}

@Incollection{Giele1998,
  Title                    = {Life Course Research. Development of a Field},
  Author                   = {Janet Z. Giele and Elder Jr., Glenn H.},
  Booktitle                = {Methods of Life Course Research. Qualitative and Quantitative Approaches},
  Editor                   = {Janet Z. Giele and Elder Jr., Glenn H.},
  Year                     = {1998},
  Chapter                  = {1},
  Pages                    = {5--27},
  Publisher                = {Sage Publications},

  Address                  = {London},
  Timestamp                = {2013.11.21}
}

@Article{Giesecke2009,
  Title                    = {Socio-economic Risks of Atypical Employment Relationships: Evidence from the German Labour Market},
  Author                   = {Johannes Giesecke},
  Journal                  = {European Sociological Review},
  Year                     = {2009},
  Number                   = {6},
  Pages                    = {629--646},
  Volume                   = {25},

  Timestamp                = {2011.05.16}
}

@Book{Giesecke2006,
  Title                    = {Arbeitsmarktflexibilisierung und Soziale Ungleichheit. Sozio-ökonomische Konsequenzen befristeter Beschäftigungsverhältnisse in Deutschland und Großbritannien},
  Author                   = {Johannes Giesecke},
  Year                     = {2006},
  Publisher                = {VS Verlag für Sozialwissenschaften},

  Address                  = {Wiesbaden},
  Timestamp                = {2014.02.03}
}

@Article{Giesecke2010,
  Title                    = {Destabilisierung und Destandardisierung, aber für wen? Die Entwicklung der westdeutschen Arbeitsplatzmobilität seit 1984},
  Author                   = {Johannes Giesecke and Jan Paul Heisig},
  Journal                  = {Kölner Zeitschrift für Soziologie und Sozioalpsychologie},
  Year                     = {2010},
  Pages                    = {403--435},
  Volume                   = {62},

  Timestamp                = {2011.05.16}
}

@Article{Glick1955,
  Title                    = {The Life Cycle of the Family},
  Author                   = {Paul C. Glick},
  Journal                  = {Marriage and Family Living},
  Year                     = {1955},
  Month                    = feb,
  Number                   = {1},
  Pages                    = {3--9},
  Volume                   = {17},

  Timestamp                = {2011.06.10}
}

@Article{Goldhaber1991,
  Title                    = {The Fetal Life Table Revisited: Spontaneous Abortion Rates in Three Kaiser Permanente Cohorts},
  Author                   = {Marilyn K. Goldhaber and Bruce H. Fireman},
  Journal                  = {Epidemiology},
  Year                     = {1991},
  Month                    = {01},
  Number                   = {1},
  Pages                    = {33--39},
  Volume                   = {2},

  Timestamp                = {2015.10.16}
}

@Techreport{Grunow2007,
  Title                    = {How Stable are Working Lives? Occupational Stability and Mobility in West Germany 1940{s} -- 2005},
  Author                   = {Daniela Grunow and Karl Ulrich Mayer},
  Institution              = {Center for Research on Inequalities and the Life Course},
  Year                     = {2007},
  Month                    = sep,
  Number                   = {3},
  Type                     = {Working paper},

  Address                  = {New Haven},
  Timestamp                = {2011.05.22}
}

@Electronic{GuardianGraphics2012,
  Title                    = {US election 2012 results visualised},
  Author                   = {{Guardian Graphics}},
  Url                      = {http://www.theguardian.com/news/datablog/2012/nov/07/us-elections-2012-results-map},
  Year                     = {2012},
  Month                    = nov,
  Note                     = {Online 2015--01--15},

  HowPublished             = {World Wide Web},
  Timestamp                = {2015.01.15}
}

@Article{Hamilton1966,
  Title                    = {The moulding of senescence by natural selection},
  Author                   = {William D. Hamilton},
  Journal                  = {Journal of theoretical biology},
  Year                     = {1966},
  Number                   = {1},
  Pages                    = {12--45},
  Volume                   = {12},

  Journaltitle             = {Journal of Theoretical Biology},
  Publisher                = {Elsevier},
  Timestamp                = {2015.12.15}
}

@Electronic{Harrell2012,
  Title                    = {Package 'Hmisc'},
  Author                   = {Frank E. Harrell},
  Url                      = {http://cran.r-project.org/web/packages/Hmisc/Hmisc.pdf},
  Year                     = {2012},
  Language                 = {english},
  Month                    = mar,

  HowPublished             = {World Wide Web},
  Timestamp                = {2012.09.20}
}

@Electronic{Hecking2013,
  Title                    = {Arbeitslosigkeit: Spaniens Jugend stürzt ab},
  Author                   = {Claus Hecking},
  Url                      = {http://www.zeit.de/2013/27/spanien-jugendliche-arbeitslosigkeit},
  Year                     = {2013},
  Month                    = jul,
  Note                     = {Online 2013--11--21},
  Organization             = {Zeit Online},

  Address                  = {Hamburg},
  HowPublished             = {World Wide Web},
  Timestamp                = {2013.11.21}
}

@Article{Heinbach2006,
  Title                    = {Immer mehr Tarifverträge sehen Öffnungsklauseln vor},
  Author                   = {Wolf Dieter Heinbach},
  Journal                  = {Statistisches Monatsheft Baden-Württemberg},
  Year                     = {2006},
  Pages                    = {44--47},
  Volume                   = {11},

  Timestamp                = {2011.06.23}
}

@Article{Heligman1980,
  Title                    = {The Age Pattern of Mortality},
  Author                   = {L. Heligman and J.H. Pollard},
  Journal                  = {Journal of the Institute of Actuaries},
  Year                     = {1980},
  Number                   = {1},
  Pages                    = {49--80},
  Volume                   = {107},

  Timestamp                = {2014.08.04}
}

@Book{Hillmann2007,
  Title                    = {Wörterbuch der Soziologie},
  Author                   = {Karl-Heinz Hillmann},
  Year                     = {2007},
  Publisher                = {Alfred Kröner Verlag},

  Address                  = {Stuttgart},
  Timestamp                = {2011.05.17}
}

@Incollection{Hillmert2010,
  Title                    = {"Neue Flexibilität" und klassische Ungleichheiten: Ausbildungs- und Berufsverläufe in Deutschland},
  Author                   = {Steffen Hillmert},
  Booktitle                = {Neue Lebenslaufregimes - Neue Konzepte der Bildung Erwachsener?},
  Editor                   = {Axel Bolder and Rudolf Epping and Rosemarie Klein and Gerhard Reutter and Andreas Seiverth},
  Year                     = {2010},
  Pages                    = {43--56},
  Publisher                = {VS Verlag für Sozialwissenschaften},

  Address                  = {Wiesbaden},
  Timestamp                = {2011.05.15}
}

@Incollection{Hillmert2002,
  Title                    = {Stabilität und Wandel des "deutschen Modells": Lebensverläufe im Übergang zwischen Schule und Beruf},
  Author                   = {Steffen Hillmert},
  Booktitle                = {Bildung und Beruf. Ausbildung und berufsstruktureller Wandel in der Wissensgesellschaft},
  Editor                   = {Matthias Wingens and Reinhold Sackmann},
  Year                     = {2002},
  Pages                    = {65--82},
  Publisher                = {Juventa},

  Address                  = {Weinheim/München},
  Timestamp                = {2011.06.26}
}

@Incollection{Hillmert2006,
  Title                    = {Übergänge zwischen Schule und Arbeitsmarkt: Ergebniss der Westdeutschen Lebensverlaufsstudie},
  Author                   = {Steffen Hillmert},
  Booktitle                = {Übergänge zwischen Schule und Beruf und darauf bezogene Hilfesysteme in Deutschland},
  Year                     = {2006},
  Pages                    = {10--20},
  Publisher                = {Friedrich-Ebert-Stiftung},
  Series                   = {Gesprächskreis Arbeit und Qualifizierung},

  Timestamp                = {2011.06.24}
}

@Incollection{Hillmert2004a,
  Title                    = {Berufseinstieg in Krisenzeiten: Ausbildungs- und Arbeitsmarktchancen in den 1980er und 1990er Jahren},
  Author                   = {Steffen Hillmert},
  Booktitle                = {Geboren 1964 und 1971. Neuere Untersuchungen zu Ausbildungs- und Berufschancen in Westdeutschland},
  Year                     = {2004},
  Chapter                  = {2},
  Pages                    = {23--38},
  Publisher                = {VS Verlag für Sozialwissenschaften},

  Address                  = {Wiesbaden},
  Timestamp                = {2014.02.07}
}

@Book{Hillmert2004,
  Title                    = {Geboren 1964 und 1971. Neuere Untersuchungen zu Ausbildungs- und Berufschancen in Westdeutschland},
  Author                   = {Steffen Hillmert and Karl Ulrich Mayer},
  Year                     = {2004},
  Publisher                = {VS Verlag für Sozialwissenschaften},

  Address                  = {Wiesbaden},
  Timestamp                = {2011.06.29}
}

@Incollection{Hockerts1994,
  Title                    = {Grundlinien und soziale Folgen der Sozialpolitik der DDR},
  Author                   = {Hans Günter Hockerts},
  Booktitle                = {Sozialgeschichte der DDR},
  Editor                   = {Hartmut Kaelble and Jürgen Kocka and Hartmut Zwahr},
  Year                     = {1994},
  Chapter                  = {V},
  Pages                    = {519--544},
  Publisher                = {Klett-Cotta},

  Address                  = {Stuttgart},
  Timestamp                = {2015.03.15}
}

@Article{Hoehn1988,
  Title                    = {Population policies in advanced societies: pronatalist and migration strategies},
  Author                   = {Charlotte Höhn},
  Journal                  = {European Journal of Population},
  Year                     = {1988},
  Number                   = {3-4},
  Pages                    = {459--481},
  Volume                   = {3},

  Publisher                = {Springer},
  Timestamp                = {2016.01.20}
}

@Article{Huinink2011,
  Title                    = {Panel Analysis of Intimate Relationships and Family Dynamics (pairfam): Conceptual framework and design},
  Author                   = {Johannes Huinink and Josef Brüderl and Bernhard Nauck and Sabine Walper and Laura Castiglioni and Michael Feldhaus},
  Journal                  = {Zeitschrift für Familienforschung},
  Year                     = {2011},
  Number                   = {1},
  Pages                    = {77--100},
  Volume                   = {23},

  Timestamp                = {2013.03.15}
}

@Techreport{Huinink2006,
  Title                    = {Beziehungs-und Familienentwicklung im modernen Wohlfahrtsstaat},
  Author                   = {Huinink, Johannes and Feldhaus, Michael},
  Institution              = {Universität Bremen},
  Year                     = {2006},
  Month                    = sep,

  Address                  = {Bremen},
  Timestamp                = {2013.03.19}
}

@Electronic{HFDT2015,
  Title                    = {Human Fertility Database},
  Author                   = {{Human Fertility Database Team}},
  Url                      = {www.humanfertility.org},
  Year                     = {2015},
  Note                     = {Online 2015-09-25},
  Organization             = {Max Planck Institute for Demographic Research (Germany) and Vienna Institute of Demography (Austria)},

  HowPublished             = {World Wide Web},
  Timestamp                = {2015.09.25}
}

@Electronic{Hmd2016,
  Title                    = {Human Mortality Database},
  Author                   = {{Human Mortality Database Team}},
  Url                      = {www.mortality.org},
  Year                     = {2016},
  Note                     = {Online 2016--03--07},
  Organization             = {University of California, Berkeley and Max Planck Institute for Demographic Research},

  Address                  = {Berkeley (USA), Rostock (Germany)},
  HowPublished             = {World Wide Web},
  Timestamp                = {2016.03.07}
}

@Electronic{Hmd2015,
  Title                    = {Human Mortality Database},
  Author                   = {{Human Mortality Database Team}},
  Url                      = {www.mortality.org},
  Year                     = {2015},
  Note                     = {Online 2015--01--28},
  Organization             = {University of California, Berkeley and Max Planck Institute for Demographic Research},

  Address                  = {Berkeley (USA), Rostock (Germany)},
  HowPublished             = {World Wide Web},
  Timestamp                = {2015.01.28}
}

@Report{ILO2014,
  Title                    = {Maternity and paternity at work. Law and practice across the world.},
  Author                   = {{International Labour Organization}},
  Year                     = {2014},

  Timestamp                = {2016.01.21}
}

@Article{Jagger2009,
  Title                    = {Inequalities in healthy life years in the 25 countries of the European Union in 2005: a cross-national meta-regression analysis},
  Author                   = {Carol Jagger and Clare Gillies and Francesco Moscone and Emmanuelle Cambois and Herman Van Oyen and Wilma Nusselder and Jean-Marie Robine},
  Journal                  = {The Lancet},
  Year                     = {2009},
  Number                   = {9656},
  Pages                    = {2124--2131},
  Volume                   = {372},

  Publisher                = {Elsevier},
  Timestamp                = {2016.01.23}
}

@Techreport{Jarner2014,
  Title                    = {Stochastic fraily models for modeling and forecasting mortality},
  Author                   = {Søren Fiig Jarner},
  Institution              = {The Danish Labour Market Supplementary Pension Fund},
  Year                     = {2014},
  Type                     = {Working Paper},

  Address                  = {Copenhagen, Denmark},
  Timestamp                = {2015.06.02}
}

@Article{Jarner2011,
  Title                    = {Modelling Adult Mortality in Small Populations: The Saint Model},
  Author                   = {Søren Fiig Jarner and Esben Masotti Kryger},
  Journal                  = {Astin Bulletin},
  Year                     = {2011},
  Number                   = {2},
  Pages                    = {377--418},
  Volume                   = {41},

  Timestamp                = {2015.06.02}
}

@Book{Johnson1995,
  Title                    = {Continuous Univariate Distributions},
  Author                   = {Norman L. Johnson and Samuel Kotz and N. Balakrishnan},
  Year                     = {1995},
  Publisher                = {Wiley},

  Timestamp                = {2016.01.22}
}

@Incollection{Jong1981,
  Title                    = {Motivations for migration: an assessment and a value-expectancy research model},
  Author                   = {G.F. De Jong and J.T. Fawcett},
  Booktitle                = {Migration decision making: multidisciplinary approaches to microlevel studies in developed and developing countries},
  Editor                   = {G.F. De Jong and R.W. Gardner},
  Year                     = {1981},
  Chapter                  = {2},
  Pages                    = {13--58},
  Publisher                = {Pergamon},
  Series                   = {Pergamon Policy Studies on International Development},

  Address                  = {New York},
  Timestamp                = {2015.03.26}
}

@Incollection{Jorch2000,
  Title                    = {SIDS-Mortalität im deutschsprachigen Raum und weltweit},
  Author                   = {G. Jorch},
  Booktitle                = {Der plötzliche Säuglingstod. Aktueller Wissensstand des SIDS},
  Editor                   = {R. Kurz and Th. Kenner and C. Poets and R. Kerbl and M.M.T. Vennemann and G. Jorch},
  Year                     = {2000},
  Chapter                  = {4},
  Pages                    = {21--38},
  Publisher                = {Springer},

  Address                  = {Wien},
  Timestamp                = {2015.03.24}
}

@Article{Kalenkoski2005,
  Title                    = {Parental child care in single-parent, cohabiting, and married-couple families: Time-diary evidence from the United Kingdom},
  Author                   = {Kalenkoski, Charlene M and Ribar, David C and Stratton, Leslie S},
  Journal                  = {American Economic Review},
  Year                     = {2005},
  Number                   = {2},
  Pages                    = {194--198},
  Volume                   = {95},

  Publisher                = {JSTOR},
  Timestamp                = {2016.01.24}
}

@Article{Kaplan1958,
  Title                    = {Nonparametric Estimation from Incomplete Observations},
  Author                   = {E. L. Kaplan and Paul Meier},
  Journal                  = {Journal of the American Statistical Association},
  Year                     = {1958},
  Month                    = jun,
  Number                   = {282},
  Pages                    = {457--481},
  Volume                   = {53},

  Timestamp                = {2014.02.25}
}

@Article{Kermack1934,
  Title                    = {Death-rates in Great Britain and Sweden: some general regularities and their significance},
  Author                   = {W. Kermack and A. McKendrick and P. McKinlay},
  Journal                  = {The Lancet},
  Year                     = {1934},
  Month                    = mar,
  Pages                    = {698--703},
  Volume                   = {31},

  Timestamp                = {2014.11.26}
}

@Book{Keyfitz2008,
  Title                    = {Applied Mathematical Demography},
  Author                   = {Nathan Keyfitz and Hal Caswell},
  Year                     = {2008},
  Edition                  = {3},
  Publisher                = {Springer},
  Series                   = {Statistics for Biology and Health},

  Timestamp                = {2015.01.26}
}

@Article{Kiernan1997,
  Title                    = {Parental divorce during childhood: age at first intercourse, partnership and parenthood},
  Author                   = {Kiernan, Kathleen E and Hobcraft, John},
  Journal                  = {Population Studies},
  Year                     = {1997},
  Doi                      = {10.1080/0032472031000149716},
  Number                   = {1},
  Pages                    = {41--55},
  Volume                   = {51},

  Publisher                = {Taylor \& Francis},
  Timestamp                = {2013.03.21}
}

@Article{Kirk1996,
  Title                    = {Demographic Transition Theory},
  Author                   = {Dudley Kirk},
  Journal                  = {Population Studies},
  Year                     = {1996},
  Number                   = {3},
  Pages                    = {361--387},
  Volume                   = {50},

  Timestamp                = {2015.05.17}
}

@Article{Klein1996,
  Title                    = {Der Altersunterschied zwischen Ehepartnern. En neues Analysemodell},
  Author                   = {Klein, Thomas},
  Journal                  = {Zeitschrift für Soziologie},
  Year                     = {1996},
  Number                   = {5},
  Pages                    = {346--370},
  Volume                   = {25},

  Timestamp                = {2013.03.19}
}

@Book{Kleinbaum2011,
  Title                    = {Survival Analysis. A Self-Learning Text},
  Author                   = {David G. Kleinbaum and Mitchel Klein},
  Year                     = {2011},
  Publisher                = {Springer},

  Address                  = {New York and Dordrecht and Heidelberg and London},
  Timestamp                = {2013.03.21}
}

@Book{Klodt1997,
  Title                    = {Tertiarisierung der deutschen Wirtschaft},
  Author                   = {Henning Klodt and Rainer Maurer and Axel Schimmelpfennig},
  Year                     = {1997},
  Editor                   = {Horst Siebert},
  Number                   = {283},
  Publisher                = {J.C.B. Mohr},
  Series                   = {Kieler Studien},

  Timestamp                = {2014.01.30}
}

@Electronic{Kluge2014,
  Title                    = {Vom Geben und Nehmen im Lebenslauf -- Der ökonomische Lebenszyklus in Deutschland},
  Author                   = {Fanny Annemarie Kluge},
  Url                      = {http://www.zdwa.de/zdwa/artikel/20091019_69747739W3DnavidW261.php},
  Year                     = {2014},

  Address                  = {Online 2014--04--16},
  HowPublished             = {World Wide Web},
  Timestamp                = {2014.04.16}
}

@Article{Kocka2001,
  Title                    = {Thesen zur Geschichte und Zukunft der Arbeit},
  Author                   = {Jürgen Kocka},
  Journal                  = {Aus Politik und Zeitgeschichte},
  Year                     = {2001},
  Pages                    = {8--13},
  Volume                   = {21},

  Timestamp                = {2011.05.24}
}

@Inproceedings{Kohli2003,
  Title                    = {Der institutionalisierte Lebenslauf: ein Blick zurück und nach vorn},
  Author                   = {Martin Kohli},
  Booktitle                = {Entstaatlichung und soziale Sicherheit. Verhandlungen des 31. Kongresses der Deutschen Gesellschaft für Soziologie in Leipzig 2002},
  Editor                   = {Jutta Allmendinger},
  Year                     = {2003},
  Pages                    = {525--545},
  Publisher                = {Leske + Budrich},

  Address                  = {Opladen},
  Timestamp                = {2011.05.15}
}

@Incollection{Kohli1994,
  Title                    = {Institutionalisierung und Individualisierung der Erwerbsbiographie},
  Author                   = {Martin Kohli},
  Booktitle                = {Riskante Freiheiten: Individualisierung in modernen Gesellschaften},
  Editor                   = {Ulrich Beck and Elisabeth Beck-Gernsheim},
  Year                     = {1994},
  Pages                    = {219--244},
  Publisher                = {Suhrkamp},

  Address                  = {Frankfurt am Main},
  Timestamp                = {2011.06.07}
}

@Article{Kohli1985,
  Title                    = {Die Institutionalisierung des Lebenslaufs. Historische Befunde und theoretische Argumente},
  Author                   = {Martin Kohli},
  Journal                  = {Kölner Zeitschrift für Soziologie und Sozioalpsychologie},
  Year                     = {1985},
  Pages                    = {1--29},
  Volume                   = {37},

  Timestamp                = {2011.06.07}
}

@Incollection{Konietzka2010,
  Title                    = {Berufliche Ausbildung und der Übergang in den Arbeitsmarkt},
  Author                   = {Dirk Konietzka},
  Booktitle                = {Bildung als Privileg: Erklärungen und Befunde zu den Ursachen der Bildungsungleichheit},
  Editor                   = {Rolf Becker and Wolfgang Lauterbach},
  Year                     = {2010},
  Pages                    = {277--304},
  Publisher                = {VS Verlag für Sozialwissenschaften},

  Address                  = {Wiesbaden},
  Timestamp                = {2011.05.22}
}

@Incollection{Konietzka2004,
  Title                    = {Berufliche Ausbildung und der Übergang in den Arbeitsmarkt},
  Author                   = {Dirk Konietzka},
  Booktitle                = {Bildung als Privileg. Erklärungen und Befunde zu den Ursachen der Bildungsungleichheit.},
  Editor                   = {Rolf Becker and Wolfgang Lauterbach},
  Year                     = {2004},
  Chapter                  = {Berufliches Ausbildungssystem und Arbeitsmarkt},
  Pages                    = {273--302},
  Publisher                = {Springer},
  Volume                   = {2},

  Address                  = {Wiesbaden},
  Timestamp                = {2014.01.27}
}

@Inbook{Konietzka1999,
  Title                    = {Ausbildung und Beruf. Die Geburtsjahrgänge 1919--1961 auf dem Weg von der Schule in das Erwerbsleben},
  Author                   = {Dirk Konietzka},
  Year                     = {1999},
  Chapter                  = {7},
  Editor                   = {Dirk Konietzka},
  Pages                    = {167--198},
  Publisher                = {Westdeutscher Verlag},
  Series                   = {Studien zur Sozialwissenschaft},

  Address                  = {Opladen/Wiesbaden},
  Timestamp                = {2013.11.21}
}

@Article{Konietzka2006,
  Title                    = {Literaturbesprechung Steffen Hillmert und Karl Ulrich Mayer (Hg.): Geboren 1964 und 1971. Neuere Untersuchungen zu Ausbildungs- und Berufschancen in Westdeutschland},
  Author                   = {Dirk Konietzka},
  Journal                  = {Kölner Zeitschrift für Soziologie und Sozialpsychologie},
  Year                     = {2006},
  Number                   = {1},
  Pages                    = {159--160},
  Volume                   = {58},

  Timestamp                = {2011.06.24}
}

@Article{Konietzka2002,
  Title                    = {Die soziale Differenzierung der Übergangsmuster in den Beruf. Die zweite Schwelle im Vergleich der Berufseinstiegskohorte 1976--1995},
  Author                   = {Dirk Konietzka},
  Journal                  = {Kölner Zeitschrift für Soziologie und Sozialpsychologie},
  Year                     = {2002},
  Number                   = {4},
  Pages                    = {645--673},
  Volume                   = {54},

  Timestamp                = {2011.05.22}
}

@Article{Konietzka2003,
  Title                    = {Die De-Standardisierung einer Statuspassage? Zum Wandel des Auszugs aus dem Elternhaus und des Übergangs in das Erwachsenenalter in Westdeutschland},
  Author                   = {Konietzka, Dirk and Huinink, Johannes},
  Journal                  = {Soziale Welt},
  Year                     = {2003},
  ISSN                     = {00386073},
  Number                   = {3},
  Pages                    = {285--311},
  Volume                   = {54},

  Publisher                = {Nomos Verlagsgesellschaft mbH},
  Timestamp                = {2013.12.05}
}

@Electronic{Kowitz2013,
  Title                    = {Jugendarbeitslosigkeit: Die Abgehängten},
  Author                   = {Dorit Kowitz and Anne Kunze and Kolja Rudzio},
  Url                      = {http://www.zeit.de/2013/40/jugendarbeitslosigkeit-hilfe-hartz-4-ausbildung-bundesregierung},
  Year                     = {2013},
  Month                    = apr,
  Note                     = {Online 2013--11--21},
  Organization             = {Zeit Online},

  Address                  = {Hamburg},
  HowPublished             = {World Wide Web},
  Timestamp                = {2013.11.21}
}

@Book{Kurz2009,
  Title                    = {Beschäftigungsunsicherheiten und langfristige Bindungen: Analysen zu Partnerschaftsverhalten, Familiengründung und zum Erwerb von Wohneigentum},
  Author                   = {Karin Kurz},
  Year                     = {2009},
  Publisher                = {VS Verlag für Sozialwissenschaften},

  Address                  = {Wiesbaden},
  Timestamp                = {2011.07.05}
}

@Incollection{Kurz2005,
  Title                    = {Case Study Germany. Global competition, uncertainty and the transition to adulthood},
  Author                   = {Karin Kurz and Nikolei Steinhage and Katrin Golsch},
  Booktitle                = {Globalization, Uncertainty and Youth in Society},
  Editor                   = {Hans-Peter Blossfeld and Erik Klijzing and Melinda Mills and Karin Kurz},
  Year                     = {2005},
  Pages                    = {51--82},
  Publisher                = {Routledge},
  Series                   = {Advances in Sociology},

  Address                  = {New York},
  Timestamp                = {2011.06.23}
}

@Incollection{Kutscha1993,
  Title                    = {Modernisierung der Berufsbildung im Spannungsfeld von Systemdifferenzierung und Koordination.},
  Author                   = {Günter Kutscha},
  Booktitle                = {Modernisierung beruflicher Bildung vor den Ansprüchen von Vereinheitlichung und Differenzierung. Dokumentation des 1. Forums Berufsbildungsforschung 1993 an der Universität Oldenburg},
  Year                     = {1993},
  Pages                    = {40--56},
  Publisher                = {Buttler, Friedrich and Czycholl, Reinhard and Pütz, Helmut},
  Series                   = {Beiträge zur Arbeitsmarkt- und Berufsforschung},
  Volume                   = {177},

  Address                  = {Oldenburg},
  Journal                  = {Beiträge zur Arbeitsmarkt- und Berufsforschung},
  Timestamp                = {2014.01.27}
}

@Article{Lakies2001,
  Title                    = {Das Teilzeit- und Befristungsgesetz},
  Author                   = {Thomas Lakies},
  Journal                  = {Deutsche Zeitschrift für Wirtschafts- und Insolvenzrecht},
  Year                     = {2001},
  Pages                    = {1--17},
  Volume                   = {12},

  Timestamp                = {2014.02.07}
}

@Article{Lauterbach2001,
  Title                    = {Erwerbseinstieg und erste Erwerbsjahre. Ein Vergleich von vier Geburtskohorten},
  Author                   = {Lauterbach, Wolfgang and Sacher, Matthias},
  Journal                  = {Kölner Zeitschrift für Soziologie und Sozialpsychologie},
  Year                     = {2001},
  Number                   = {2},
  Pages                    = {258--282},
  Volume                   = {53},

  Timestamp                = {2013.11.09}
}

@Incollection{Leisering2004,
  Title                    = {Government and the Life Course},
  Author                   = {Lutz Leisering},
  Booktitle                = {Handbook of the Life Course},
  Editor                   = {Jeylan T. Mortimer and Michael J. Shanahan},
  Year                     = {2004},
  Chapter                  = {IV},
  Pages                    = {205--224},
  Publisher                = {Springer},

  Address                  = {New York},
  Timestamp                = {2011.06.11}
}

@Article{Lenart2014,
  Title                    = {The moments of the Gompertz distribution and maximum likelihood estimation of its parameters},
  Author                   = {Adam Lenart},
  Journal                  = {Scandinavian Actuarial Journal},
  Year                     = {2014},
  Number                   = {3},
  Pages                    = {255--277},
  Volume                   = {2014},

  Journaltitle             = {Scandinavian Actuarial Journal},
  Publisher                = {Taylor \& Francis},
  Timestamp                = {2015.12.18}
}

@Techreport{Lenart2012,
  Title                    = {The Gompertz distribution and Maximum Likelihood Estimation of its parameters -- a revision},
  Author                   = {Adam Lenart},
  Institution              = {Max Planck Institute for Demographic Research},
  Year                     = {2012},
  Month                    = feb,
  Type                     = {MPIDR Working Paper},

  Timestamp                = {2014.11.10}
}

@Article{Lessenich1995,
  Title                    = {Wohlfahrtsstaatliche Regulierung und die Strukturierung von Lebensläufen. Zur Selektivität sozialpolitischer Interventionen},
  Author                   = {Stephan Lessenich},
  Journal                  = {Soziale Welt},
  Year                     = {1995},
  Number                   = {1},
  Pages                    = {51--69},
  Volume                   = {46},

  Timestamp                = {2011.06.12}
}

@Report{Lesthaeghe2000,
  Title                    = {Europe's demographic issues: fertility, household formation and replacement migration},
  Author                   = {Lesthaeghe, Ron},
  Institution              = {United Nations Secretariat},
  Year                     = {2000},
  Location                 = {New York},
  Number                   = {UN/POP/PRA/2000/20},
  Titleaddon               = {Expert group meeting on policy responses to population ageing and population decline},

  Publisher                = {Citeseer},
  Timestamp                = {2016.01.24}
}

@Article{Levitis2011,
  Title                    = {Before senescence: the evolutionary demography of ontogenesis},
  Author                   = {Daniel A. Levitis},
  Journal                  = {Proceedings of the Royal Society B},
  Year                     = {2011},
  Pages                    = {801-809},
  Volume                   = {278},

  Timestamp                = {2015.11.08}
}

@Article{Levitis2013,
  Title                    = {The two halves of U-shaped mortality},
  Author                   = {Daniel A. Levitis and Daniel E. Martínez},
  Journal                  = {Frontiers in genetics},
  Year                     = {2013},
  Month                    = {03},
  Number                   = {31},
  Pages                    = {1--6},
  Volume                   = {4},

  Journaltitle             = {Frontiers in Genetics},
  Publisher                = {Frontiers Media SA},
  Timestamp                = {2015.12.14}
}

@Book{Lexis1875,
  Title                    = {Einleitung in die Theorie der Bevölkerungsstatistik},
  Author                   = {Wilhelm Hector Richard Albrecht Lexis},
  Year                     = {1875},
  Editor                   = {Wilhelm Hector Richard Albrecht Lexis},
  Publisher                = {K. J. Trübner},

  Address                  = {Straßburg},
  Timestamp                = {2014.08.19}
}

@Article{Lin2013,
  Title                    = {Selecting Semantically-Resonant Colors for Data Visualization},
  Author                   = {Lin, Sharon and Fortuna, Julie and Kulkarni, Chinmay and Stone, Maureen and Heer, Jeffrey},
  Journal                  = {Computer Graphics Forum},
  Year                     = {2013},
  Number                   = {3},
  Pages                    = {401--410},
  Volume                   = {32},

  __markedentry            = {[jon:6]},
  Timestamp                = {2016.03.03}
}

@Book{Livi-Bacci1997,
  Title                    = {A concise history of world population},
  Author                   = {Livi-Bacci, Massimo},
  Year                     = {1997},
  Location                 = {Oxford},
  Publisher                = {Blackwell Publishing},

  __markedentry            = {[jon:]},
  Timestamp                = {2016.01.24}
}

@Article{Loewenberg2009,
  Title                    = {James Vaupel: an innovator in the demography of ageing},
  Author                   = {Samuel Loewenberg},
  Journal                  = {The Lancet},
  Year                     = {2009},
  Number                   = {374},
  Pages                    = {1139},

  Timestamp                = {2016.01.22}
}

@Article{Lubchenco1972,
  Title                    = {Neonatal mortality rate: relationship to birth weight and gestational age},
  Author                   = {Lula O. Lubchenco and D. T. Searls and J.V. Brazie},
  Journal                  = {The Journal of pediatrics},
  Year                     = {1972},
  Number                   = {4},
  Pages                    = {814--822},
  Volume                   = {81},

  Journaltitle             = {The Journal of Pediatrics},
  Publisher                = {Elsevier},
  Timestamp                = {2015.12.15}
}

@Article{Luy2006,
  Title                    = {Mortality tempo-adjustment: An empirical application},
  Author                   = {Marc Luy},
  Journal                  = {Demographic Research},
  Year                     = {2006},
  Pages                    = {561--590},
  Volume                   = {15},

  Timestamp                = {2015.03.29}
}

@Article{Luy2004,
  Title                    = {Mortality differences between Western and Eastern Germany before and after Reunification. A macro and micro level analysis of developments and responsible factors},
  Author                   = {Marc Luy},
  Journal                  = {Genus},
  Year                     = {2004},
  Number                   = {3--4},
  Pages                    = {99-141},
  Volume                   = {60},

  Timestamp                = {2015.03.29}
}

@Article{Mai2006,
  Title                    = {Die altersselektive Abwanderung aus Ostdeutschland},
  Author                   = {Mai, Ralf},
  Journal                  = {Raumforschung und Raumordnung},
  Year                     = {2006},
  Number                   = {5},
  Pages                    = {355--369},
  Url                      = {http://www.springerlink.com/index/15871552506623L2.pdf},
  Volume                   = {64},

  Publisher                = {Springer},
  Timestamp                = {2013.03.21}
}

@Article{Mallik2013,
  Title                    = {Lebendgeburt und Totgeburt in der DDR. Motive und Konsequenzen der Neudefinition von 1961.},
  Author                   = {S. Mallik},
  Journal                  = {Der Gynäkologe},
  Year                     = {2013},
  Number                   = {11},
  Pages                    = {858--863},

  Timestamp                = {2015.03.15}
}

@Mastersthesis{Mallik1994,
  Title                    = {Die Entwicklung der Säuglingssterblichkeit im Raum Berlin im Fokus nationaler und regionaler Bedingungen. Ein Ost-West-Vergleich},
  Author                   = {Stephan Mallik},
  Year                     = {1994},
  Type                     = {Diplomarbeit},

  Address                  = {Berlin},
  School                   = {Humboldt-Universität zu Berlin},
  Timestamp                = {2015.03.28}
}

@Article{Mau2010,
  Title                    = {Risikogesellschaft. Wir sind keine Zocker},
  Author                   = {Steffen Mau},
  Journal                  = {Die Zeit},
  Year                     = {2010},
  Month                    = jul,
  Volume                   = {29},

  Timestamp                = {2011.07.01}
}

@Incollection{Mayer2010,
  Title                    = {Annäherungen an den Geburtsjahrgang 1971},
  Author                   = {Karl Ulrich Mayer},
  Booktitle                = {Komparative empirische Sozialforschung},
  Editor                   = {Tilo Beckers and Klaus Birkelbach and Jörg Hagenah and Ulrich Rosar},
  Year                     = {2010},
  Pages                    = {65--90},
  Publisher                = {VS Verlag für Sozialwissenschaften},

  Address                  = {Wiesbaden},
  Timestamp                = {2011.05.22}
}

@Incollection{Mayer2004,
  Title                    = {Unordnung und frühes Leid? Bildungs- und Berufsverläufe in den 1980er und 1990er Jahren},
  Author                   = {Karl Ulrich Mayer},
  Booktitle                = {Geboren 1964 und 1971. Neuere Untersuchungen zu Ausbildungs- und Berufschancen in Westdeutschland},
  Editor                   = {Steffen Hillmert and Karl Ulrich Mayer},
  Year                     = {2004},
  Chapter                  = {10},
  Pages                    = {201--213},
  Publisher                = {VS Verlag für Sozialwissenschaften},

  Address                  = {Wiesbaden},
  Timestamp                = {2011.06.29}
}

@Proceedings{Mayer2005,
  Title                    = {Übergänge ins Erwachsenenalter. Neuere Entwicklungen zu den Geburtsjahrgängen 1964 und 1971 auf der Grundlage von Befunden der Deutschen Lebensverlaufsstudie},
  Editor                   = {Karl Ulrich Mayer},
  Year                     = {2005},
  Number                   = {7},
  Organization             = {ifb -- Staatsinstitut für Familienforschung an der Universität Bamberg},
  Series                   = {ifb-Materialien},

  Address                  = {Bamberg},
  Author                   = {Karl Ulrich Mayer},
  Journal                  = {ifb -- Matefialien},
  Timestamp                = {2013.03.19}
}

@Inproceedings{Mayer1991,
  Title                    = {Soziale Ungleichheit und die Differenzierung von Lebensverläufen},
  Author                   = {Karl Ulrich Mayer},
  Booktitle                = {Die Modernisierung moderner Gesellschaften. Verhandlungen des 25. Deutschen Soziologientages in Frankfurt am Main},
  Editor                   = {Wolfgang Zapf},
  Year                     = {1991},
  Pages                    = {667--687},

  Address                  = {Frankfurt am Main},
  Timestamp                = {2011.06.11}
}

@Incollection{Mayer1990,
  Title                    = {Die gesellschaftliche Konstruktion sozialer Ungleichheit im Lebensverlauf},
  Author                   = {Karl Ulrich Mayer and Hans-Peter Blossfeld},
  Booktitle                = {Lebenslagen, Lebensläufe, Lebensstile},
  Editor                   = {Peter A. Berger and Stefan Hradil},
  Year                     = {1990},
  Pages                    = {298--318},
  Publisher                = {Arbeitsgemeinschaft Sozialwissenschaftlicher Institute},
  Series                   = {Sonderband 7 der Sozialen Welt},

  Address                  = {Bonn},
  Timestamp                = {2011.06.11}
}

@Article{Mayer2010a,
  Title                    = {Mythos Flexibilisierung? Wie instabil sind Berufsbiographien wirklich und als wie instabil werden sie wahrgenommen?},
  Author                   = {Karl Ulrich Mayer and Daniela Grunow and Natalie Nitsche},
  Journal                  = {Kölner Zeitschrift für Soziologie und Sozioalpsychologie},
  Year                     = {2010},
  Pages                    = {369--402},
  Volume                   = {62},

  Timestamp                = {2011.05.15}
}

@Incollection{Mayer2003,
  Title                    = {Neue Flexibilitäten oder blockierte Gesellschaft? Sozialstruktur und Lebensverläufe in Deutschland 1960--2000.},
  Author                   = {Karl Ulrich Mayer and Steffen Hillmert},
  Booktitle                = {Max Planck Gesellschaft Jahrbuch 2003},
  Year                     = {2003},
  Pages                    = {74--100},
  Publisher                = {Saur},

  Address                  = {München},
  Timestamp                = {2011.06.07}
}

@Article{McCurdy2015,
  Title                    = {RhymedeData: A tool for analyzing sonic devices in poetry},
  Author                   = {Nina McCurdy and Vivek Srikumar and Mariah Meyer},
  Journal                  = {Computational Linguistics for Literature},
  Year                     = {2015},
  Volume                   = {12},

  Timestamp                = {2015.09.24}
}

@Book{Medawar1952,
  Title                    = {An unsolved problem of biology: an inaugural lecture delivered at University College, London, 6 December, 1951},
  Author                   = {Peter Brian Medawar},
  Year                     = {1952},
  Publisher                = {HK Lewis and Company},

  Timestamp                = {2015.12.15}
}

@Book{Messina2007,
  Title                    = {The Logics and Politics of post-WWII Migration to Western Europe},
  Author                   = {Messina, Anthony M},
  Year                     = {2007},
  Publisher                = {Cambridge University Press},

  Timestamp                = {2016.01.24}
}

@Article{Meyer2009,
  Title                    = {MizBee: A Multiscale Synteny Browser},
  Author                   = {Miriah Meyer and Tamara Munzner and Hanspeter Pfister},
  Journal                  = {IEEE Transactions on Visualization and Computer Graphics},
  Year                     = {2009},
  Month                    = {11},
  Number                   = {6},
  Pages                    = {897-904},
  Volume                   = {15},

  Booktitle                = {Infovis 09},
  Timestamp                = {2015.09.24}
}

@Article{Mills2003,
  Title                    = {Globalization, Uncertainty and Changes in Early Life Courses},
  Author                   = {Melinda Mills and Hans-Peter Blossfeld},
  Journal                  = {Zeitschrift für Erziehungswissenschaft},
  Year                     = {2003},
  Number                   = {2},
  Pages                    = {188--218},
  Volume                   = {6},

  Timestamp                = {2011.05.17}
}

@Misc{DDR1961,
  Title                    = {Anordnung über die ärztliche Leichenschau vom 1.11.1961},
  Author                   = {{Ministerrat der DDR}},
  Year                     = {1961},
  HowPublished             = {Gesetzblatt der DDR II},
  Month                    = {11},

  Pages                    = {495},
  Timestamp                = {2015.03.29}
}

@Article{Missov2011,
  Title                    = {Admissible mixing distributions for a general class of mixture survival models with known asymptotics},
  Author                   = {Trifon I. Missov and Maxim Finkelstein},
  Journal                  = {Theroretical Population Biology},
  Year                     = {2011},
  Pages                    = {64--70},
  Volume                   = {80},

  Timestamp                = {2014.07.26}
}

@Article{Missov2013,
  Title                    = {Gompertz--Makeham life expectancies: Expressions and applications},
  Author                   = {Missov, Trifon I and Lenart, Adam},
  Journal                  = {Theoretical Population Biology},
  Year                     = {2013},
  Pages                    = {29--35},
  Volume                   = {90},

  Journaltitle             = {Theoretical Population Biology},
  Publisher                = {Elsevier},
  Timestamp                = {2015.12.18}
}

@Article{Missov2014,
  Title                    = {The gompertz force of mortality in terms of the modal age at death},
  Author                   = {Trifon I. Missov and Adam Lenart and Vladimir Canudas-Romo and László Németh and James W. Vaupel},
  Journal                  = {Demographic Research},
  Year                     = {2014},
  Note                     = {Currently (Novemer 2014) under review},

  Timestamp                = {2014.11.11}
}

@Article{Missov2015,
  Title                    = {Statistical Evidence for the Preference of Frailty Distributions with Regularly-Varying-at-Zero Densities},
  Author                   = {Trifon I. Missov and Jonas Schöley},
  Journal                  = {PAA 2015 conference paper},
  Year                     = {2015},

  Timestamp                = {2016.03.08}
}

@Electronic{MOLAST2000,
  Title                    = {Mars topography (MOLA dataset) with poles},
  Author                   = {{MOLA Science Team}},
  Url                      = {http://mola.gsfc.nasa.gov/images/mercat.jpg},
  Year                     = {2000},
  Note                     = {Online 2015--01--15},
  Organization             = {NASA},

  HowPublished             = {World Wide Web},
  Timestamp                = {2015.01.15}
}

@Article{Mueckenberger1989,
  Title                    = {Der Wandel des Normalarbeitsverhältnisses unter Bedingungen einer ‚Krise der Normalität'},
  Author                   = {Mückenberger, Ulrich},
  Journal                  = {Gewerkschaftliche Monatshefte},
  Year                     = {1989},
  Pages                    = {211--223},
  Volume                   = {4},

  Timestamp                = {2013.11.18}
}

@Article{Mulder2009,
  Title                    = {Guest Editorial: Family Ties and Residential Locations},
  Author                   = {Clara H. Mulder and Thomas J. Cooke},
  Journal                  = {Population, Space and Place},
  Year                     = {2009},
  Pages                    = {299--304},
  Volume                   = {15},

  Timestamp                = {2015.03.26}
}

@Incollection{Mulder1999,
  Title                    = {Residential relocations in the life course},
  Author                   = {Clara H. Mulder and Pieter Hooimeijer},
  Booktitle                = {Population issues: an interdisciplinary focus},
  Year                     = {1999},
  Pages                    = {159--186},
  Publisher                = {Plenum},

  Address                  = {New York},
  Timestamp                = {2015.03.26}
}

@Article{Mullen2011,
  Title                    = {DEoptim: An R Package for Global Optimization by Differential Evolution},
  Author                   = {Katharine M. Mullen and David Ardia and David L. Gil and Donald Windower and James Cline},
  Journal                  = {Journal of Statistical Software},
  Year                     = {2011},
  Number                   = {6},
  Pages                    = {1--26},
  Volume                   = {40},

  Timestamp                = {2014.07.24}
}

@Book{Mueller1976,
  Title                    = {Die Säuglingssterblichkeit in der Bundesrepublik Deutschland und in der Deutschen Demokratischen Republik},
  Author                   = {C.K.E. Müller},
  Year                     = {1976},
  Editor                   = {Bonn},
  Publisher                = {Schwarzbold},

  Timestamp                = {2015.03.29}
}

@Incollection{Mueller2008,
  Title                    = {Der Traum einer kontinuierlichen Beschäftigung -- Erwerbsunterbrechungen bei Männern und Frauen},
  Author                   = {Dana Müller},
  Booktitle                = {Flexibilisierung. Folgen für Arbeit und Familie},
  Editor                   = {Marc Szydlik},
  Year                     = {2008},
  Pages                    = {47--67},
  Publisher                = {VS Verlag für Sozialwissenschaften},

  Address                  = {Wiesbaden},
  Timestamp                = {2011.05.15}
}

@Article{Munch2006,
  Title                    = {Evaluation of mortality trajectories in evolutionary biodemography},
  Author                   = {Stephan B. Munch and Marc Mangel},
  Journal                  = {Proceedings of the National Academy of Sciences},
  Year                     = {2006},
  Number                   = {44},
  Pages                    = {16604--16607},
  Volume                   = {103},

  Journaltitle             = {Proceedings of the National Academy of Sciences USA},
  Publisher                = {National Acad Sciences},
  Timestamp                = {2015.12.15}
}

@Inproceedings{Munzner1999,
  Title                    = {Constellation: A Visualization Tool for Linguistic Queries from MindNet},
  Author                   = {Tamara Munzner and Francois Guimbretière and George Robertson},
  Booktitle                = {IEEE Symposium on Information Visualization 1999 Proceedings},
  Year                     = {1999},
  Month                    = {10},
  Pages                    = {132-135, 154},
  Publisher                = {IEEE},

  Address                  = {San Francisco, CA},
  Timestamp                = {2015.09.24}
}

@Book{Naisbitt1988,
  Title                    = {Megatrends: Ten New Directions Transforming Our Lives},
  Author                   = {John Naisbitt},
  Year                     = {1988},
  Publisher                = {Warner Books},

  Address                  = {New York},
  Timestamp                = {2014.01.30}
}

@Electronic{Nauck2013,
  Title                    = {pairfam -- Organisatorische Struktur},
  Author                   = {Bernhard Nauck and Josef Brüderl and Johannes Huinink and Sabine Walper},
  Url                      = {http://www.pairfam.de/de/studie/organisation.html},
  Year                     = {2013},
  Month                    = mar,

  HowPublished             = {World Wide Web},
  Timestamp                = {2013.03.15}
}

@Electronic{Nauck2013a,
  Title                    = {Beziehungs- und Familienpanel (pairfam)},
  Author                   = {Bernhard Nauck and Josef Brüderl and Johannes Huinink and Sabine Walper},
  Year                     = {2013},
  Note                     = {ZA5678 Datenfile Version 4.0.0},
  Organization             = {GESIS Datenarchiv},

  Address                  = {Köln},
  Institution              = {GESIS Datenarchiv},
  Timestamp                = {2014.01.23}
}

@Techreport{Nauck2013b,
  Title                    = {Das Beziehungs- und Familienpanel (pairfam). Codebuch Ankerperson Welle 3 2010/2011},
  Author                   = {Bernhard Nauck and Josef Brüderl and Johannes Huinink and Sabine Walper},
  Institution              = {Universität Mannheim},
  Year                     = {2013},
  Month                    = may,
  Note                     = {Release 4.0},

  Timestamp                = {2013.03.15}
}

@Techreport{Nauck2011,
  Title                    = {Das Beziehungs- und Familienpanel (pairfam). Codebuch Ankerperson Welle 1 2008/2009},
  Author                   = {Bernhard Nauck and Josef Brüderl and Johannes Huinink and Sabine Walper},
  Institution              = {Universität Mannheim},
  Year                     = {2011},
  Month                    = may,
  Note                     = {Release 2.0},

  Timestamp                = {2013.03.15}
}

@Techreport{Nauck2011a,
  Title                    = {Das Beziehungs- und Familienpanel (pairfam). Codebuch Ankerperson Welle 2 2009/2010},
  Author                   = {Bernhard Nauck and Josef Brüderl and Johannes Huinink and Sabine Walper},
  Institution              = {Universität Mannheim},
  Year                     = {2011},
  Month                    = may,
  Note                     = {Release 2.0},

  Timestamp                = {2013.03.15}
}

@Techreport{Oeppen2008,
  Title                    = {Cohoerent forecasting of multiple-decrement life tables: a test using Japanese cause of death data},
  Author                   = {Jim Oeppen},
  Institution              = {Universitat de Girona. Departament d'Informàtica i Mathemàtica Aplicada},
  Year                     = {2008},

  Timestamp                = {2014.08.19}
}

@Article{Olsen2001,
  Title                    = {The Danish National Birth Cohort -- its background, structure and aim},
  Author                   = {Jørn Olsen and Mads Melbye and Sjurdur F Olsen and Thorkild IA Sørensen and Peter Aaby and Anne-Marie Nybo Andersen and Dorthe Taxbøl and Kit Dynnes Hansen and Mette Juhl and Tina Broby Schow and Henrik Toft Sørensen and Jente Andresen and Erik Lykke Mortensen and Annette Wind Olesen and Charlotte Søndergaard},
  Journal                  = {Scandinavian Journal of Public Health},
  Year                     = {2001},
  Pages                    = {300--307},
  Volume                   = {29},

  Timestamp                = {2015.03.05}
}

@Article{Olson1997,
  Title                    = {An Evaluation of Color Selections to Accommodate Map Users with Color- Vision Impairments},
  Author                   = {Judy M. Olson and Cynthia A. Brewer},
  Journal                  = {Annals of the Association of American Geographers},
  Year                     = {1997},
  Month                    = mar,
  Number                   = {1},
  Pages                    = {103--134},
  Volume                   = {87},

  Timestamp                = {2014.09.09}
}

@Article{Oxley2009,
  Title                    = {Policies for Healthy Ageing: An Overview},
  Author                   = {Oxley, Howard},
  Journal                  = {OECD Publishing},
  Year                     = {2009},
  Number                   = {42},
  Series                   = {OECD Health Working Papers},

  Publisher                = {OECD Publishing},
  Timestamp                = {2016.01.23}
}

@Incollection{Paetzold2008,
  Title                    = {Übergang Schule -- Berufsausbildung},
  Author                   = {Günter Pätzold},
  Booktitle                = {Handbuch der Schulforschung},
  Editor                   = {Werner Helsper and Jeanette Böhme},
  Year                     = {2008},
  Pages                    = {593--610},
  Publisher                = {VS Verlag für Sozialwissenschaften},

  Address                  = {Wiesbaden},
  Timestamp                = {2011.06.24}
}

@Article{Peto1977,
  Title                    = {Design and analysis of randomized clinical trials requiring prolonged observation of each patient. II. analysis and examples},
  Author                   = {Peto, R. and Pike, MC and Armitage, P. and Breslow, N.E. and Cox, DR and Howard, SV and Mantel, N. and McPherson, K. and Peto, J. and Smith, PG},
  Journal                  = {British journal of cancer},
  Year                     = {1977},
  Number                   = {1},
  Pages                    = {1--39},
  Volume                   = {35},

  Timestamp                = {2012.09.19}
}

@Incollection{Pointner2009,
  Title                    = {Mobilität im Arbeitsmarkt},
  Author                   = {Sonja Pointner and Thomas Hinz},
  Booktitle                = {Arbeitsmarktsoziologie. Probleme, Theorien, empirische Befunde},
  Editor                   = {Martin Abraham and Thomas Hinz},
  Year                     = {2009},
  Pages                    = {99--132},
  Publisher                = {VS Verlag für Sozialwissenschaften},

  Address                  = {Wiesbaden},
  Timestamp                = {2011.05.15}
}

@Report{PopulationDivision2001,
  Title                    = {Replacement Migration. Is It a Solution to Declining and Ageing Populations?},
  Author                   = {{Population Division}},
  Institution              = {United Nations Secretariat},
  Year                     = {2001},
  Number                   = {ST/ESA/SER.A/206},

  Publisher                = {United Nations Publication},
  Timestamp                = {2016.01.24}
}

@Booklet{PRB2014,
  Title                    = {2014 World Population Data Sheet},
  Author                   = {{Population Reference Bureau}},
  Year                     = {2014},
  HowPublished             = {World Wide Web},
  Url                      = {http://www.prb.org/pdf14/2014-world-population-data-sheet_eng.pdf},

  Comment                  = {Online 2015-05-17},
  Timestamp                = {2015.05.18}
}

@Techreport{Poetzsch2013,
  Title                    = {Geburtentrends und Familiensituation in Deutschland},
  Author                   = {Olga Pötzsch and Julia Weinmann and Thomas Haustein},
  Institution              = {Statistisches Bundesamt},
  Year                     = {2013},

  Address                  = {Wiesbaden},
  Timestamp                = {2014.01.18}
}

@Article{Preis1996,
  Title                    = {Das arbeitsrechtliche Beschäftigungsförderungsgesetz 1996},
  Author                   = {Ulrich Preis},
  Journal                  = {Neue Juristische Wochenschrift},
  Year                     = {1996},
  Pages                    = {3369--3378},
  Volume                   = {51},

  Timestamp                = {2014.02.07}
}

@Book{Preston2001,
  Title                    = {Demography. Measuring and Modeling Population Processes},
  Author                   = {Samuel H. Preston and Patrick Heuveline and Michel Guillot},
  Year                     = {2001},
  Editor                   = {Samuel H. Preston and Patrick Heuveline and Michel Guillot},
  Publisher                = {Blackwell Publishing},

  Address                  = {Oxford},
  Timestamp                = {2014.10.06}
}

@Manual{RCT2016,
  Title                    = {R: A Language and Environment for Statistical Computing},
  Author                   = {{R Core Team}},
  Year                     = {2016},
  Organization             = {R Foundation for Statistical Computing},
  Url                      = {http://www.R-project.org/},

  Address                  = {Vienna, Austria},
  Timestamp                = {2016.03.07}
}

@Manual{RCT2014,
  Title                    = {R: A Language and Environment for Statistical Computing},
  Author                   = {{R Core Team}},
  Year                     = {2014},
  Organization             = {R Foundation for Statistical Computing},
  Url                      = {http://www.R-project.org/},

  Address                  = {Vienna, Austria},
  Timestamp                = {2015.09.25}
}

@Book{Rahn2005,
  Title                    = {Übergang zur Erwerbstätigkeit. Bewältigungsstrategien Jugendlicher in benachteiligten Lebenslagen.},
  Author                   = {Peter Rahn},
  Year                     = {2005},
  Publisher                = {VS Verlag für Sozialwissenschaften},

  Address                  = {Wiesbaden},
  Timestamp                = {2013.12.06}
}

@Unpublished{Rau2014,
  Title                    = {Rates of mortality dynamics for causes of death},
  Author                   = {R. Rau and C. Bohk and M.M. Muszynska and J. Vaupel},
  Year                     = {2014},
  Note                     = {Paper presented at the European Population Conference 2014, Budapest},

  Timestamp                = {2014.11.24}
}

@Unpublished{Rau2013,
  Title                    = {Rates of mortality improvements on the Lexis surface -- Visualzing age-, period- and cohort-effects},
  Author                   = {R. Rau and C. Bohk and M.M. Muszynska and J. Vaupel},
  Year                     = {2013},
  Note                     = {Paper presented at the Annual Meeting of the Population Association of America, New Orleans},

  Timestamp                = {2014.11.24}
}

@Article{Rau2008,
  Title                    = {Continued Reductions in Mortality at Advanced Ages},
  Author                   = {Roland Rau and Eugeny Soroko and Domantas Jasilionis and James W. Vaupel},
  Journal                  = {Population and Development Review},
  Year                     = {2008},
  Month                    = dec,
  Number                   = {4},
  Pages                    = {747--768},
  Volume                   = {34},

  Timestamp                = {2014.07.28}
}

@Article{Rechel2013,
  Title                    = {Ageing in the European Union},
  Author                   = {Rechel, Bernd and Grundy, Emily and Robine, Jean-Marie and Cylus, Jonathan and Mackenbach, Johan P and Knai, Cecile and McKee, Martin},
  Journal                  = {The Lancet},
  Year                     = {2013},
  Number                   = {9874},
  Pages                    = {1312--1322},
  Volume                   = {381},

  Publisher                = {Elsevier},
  Timestamp                = {2016.01.23}
}

@Mastersthesis{Richter-Dumke2011,
  Title                    = {The changing face of labour market entry: Critical examination of life course research findings},
  Author                   = {Jonas Richter-Dumke},
  Year                     = {2011},
  Month                    = jul,
  Type                     = {Bachelor thesis},

  Quality                  = {1},
  School                   = {University of Rostock},
  Timestamp                = {2013.04.26}
}

@Mastersthesis{Richter-Dumke2011a,
  Title                    = {Erwerbseintritt im Wandel: Kritische Gegenüberstellung von Positionen aus der Lebenslaufforschung},
  Author                   = {Jonas Richter-Dumke},
  Year                     = {2011},
  Month                    = jul,
  Type                     = {Bachelorarbeit},

  Quality                  = {1},
  School                   = {Universität Rostock},
  Timestamp                = {2013.04.26}
}

@Electronic{Richter-Dumke2013,
  Title                    = {LogrankW -- An R Function to Calculate the Logrank Test for Weighted Survival Data},
  Author                   = {Jonas Richter-Dumke and Roland Rau},
  Year                     = {2013},
  Month                    = apr,
  Organization             = {CRAN},

  HowPublished             = {R Package},
  Quality                  = {1},
  Timestamp                = {2013.04.26}
}

@Electronic{Riffe2014,
  Title                    = {Tim Riffe Personal},
  Author                   = {Tim Riffe},
  Url                      = {https://sites.google.com/site/timriffepersonal/},
  Year                     = {2014},
  Note                     = {Online 2014--11--26},

  HowPublished             = {World Wide Web},
  Timestamp                = {2014.11.26}
}

@Electronic{Riffe2011,
  Title                    = {Equilateral Lexis Triangles?},
  Author                   = {Tim Riffe},
  Url                      = {https://sites.google.com/site/timriffepersonal/DemogBlog/equilaterallexistriangles},
  Year                     = {2011},
  Month                    = nov,
  Note                     = {Online 2015--01--15},

  HowPublished             = {World Wide Web},
  Timestamp                = {2015.01.15}
}

@Article{Riffe2015a,
  Title                    = {A unified framework of demographic time},
  Author                   = {Tim Riffe and Jonas Schöley and Francisco Villavicencio Goula},
  Journal                  = {MPIDR Working Paper},
  Year                     = {2015},
  Number                   = {WP-2015-008},
  Url                      = {http://www.demogr.mpg.de/papers/working/wp-2015-008.pdf},

  Timestamp                = {2016.03.08}
}

@Unpublished{Riffe2015,
  Title                    = {A unified model of demographic time},
  Author                   = {Tim Riffe and Jonas Schöley and Francisco Villavicencio},
  Year                     = {2015},
  Month                    = {11},
  Note                     = {Submitted to Demography},

  Timestamp                = {2015.11.25}
}

@Electronic{Ripley2012,
  Title                    = {Package 'MASS'},
  Author                   = {Brian Ripley and Bill Venables and Kurt Hornik and Albrecht Gebhardt and David Firth},
  Url                      = {http://cran.r-project.org/web/packages/MASS/MASS.pdf},
  Year                     = {2012},
  Language                 = {english},
  Month                    = aug,

  HowPublished             = {World Wide Web},
  Timestamp                = {2012.09.20}
}

@Electronic{Roemer2012,
  Title                    = {Studie zur 'Generation Praktikum': Glücklich ohne Geld und Karriere},
  Author                   = {Jörg Römer},
  Url                      = {http://www.spiegel.de/karriere/berufsstart/studie-zur-generation-praktikum-a-827882.html},
  Year                     = {2012},
  Month                    = apr,
  Note                     = {Online 2013--11--21},
  Organization             = {Spiegel Online},

  Address                  = {Hamburg},
  HowPublished             = {World Wide Web},
  Timestamp                = {2013.11.21}
}

@Electronic{Rosling2006,
  Title                    = {Gapminder World},
  Author                   = {Hans Rosling},
  Url                      = {http://www.gapminder.org/world/},
  Year                     = {2006},
  Note                     = {Online 2015-09-24},
  Organization             = {Gapminder},

  HowPublished             = {World Wide Web},
  Timestamp                = {2015.09.24}
}

@Electronic{Roston2015,
  Title                    = {What's Really Warming the World?},
  Author                   = {Eric Roston and Blacki Migliozzi},
  Url                      = {http://www.bloomberg.com/graphics/2015-whats-warming-the-world/},
  Year                     = {2015},
  Month                    = {06},
  Note                     = {Online 2015-09-24},
  Organization             = {{Bloomberg Business}},

  HowPublished             = {World Wide Web},
  Timestamp                = {2015.09.24}
}

@Book{Sackmann2007,
  Title                    = {Lebenslaufanalyse und Biographieforschung},
  Author                   = {Reinhold Sackmann},
  Year                     = {2007},
  Editor                   = {Heinz Sahner and Michael Bayer and Reinhold Sackmann},
  Publisher                = {VS Verlag für Sozialwissenschaften},

  Address                  = {Wiesbaden},
  Timestamp                = {2011.05.17}
}

@Book{Sackmann2000,
  Title                    = {Die Generation der Wende: Berufs- und Lebensverläufe im sozialen Wandel},
  Author                   = {Sackmann, Reinhold and Weymann, Ansgar and Wingens, Matthias},
  Year                     = {2000},
  Editor                   = {Wingens, Matthias},
  Publisher                = {Westdeutscher Verlag},

  Address                  = {Opladen},
  Timestamp                = {2013.11.09}
}

@Incollection{Sackmann2003,
  Title                    = {From Transition to Trajectories. Sequence Types},
  Author                   = {Reinhold Sackmann and Matthias Wingens},
  Booktitle                = {Social Dynamics of the Life Course. Transitions, Institutions and Interrelations},
  Editor                   = {Walter R. Heinz and Victor W. Marshall},
  Year                     = {2003},
  Chapter                  = {5},
  Pages                    = {93--115},
  Publisher                = {Aldine De Gruyter},

  Address                  = {New York},
  Timestamp                = {2013.12.06}
}

@Book{Sackmann2001,
  Title                    = {Strukturen des Lebenslaufs},
  Author                   = {Reinhold Sackmann and Matthias Wingens},
  Year                     = {2001},
  Publisher                = {Juventa Verlag},
  Series                   = {Statuspassagen und Lebenslauf},
  Volume                   = {1},

  Address                  = {Weinheim und München},
  Timestamp                = {2013.12.05}
}

@Article{Salomon2013,
  Title                    = {Healthy life expectancy for 187 countries, 1990--2010: a systematic analysis for the Global Burden Disease Study 2010},
  Author                   = {Salomon, Joshua A. and Wang, Haidong and Freeman, Michael K. and Vos, Theo and Flaxman, Abraham D. and Lopez, Alan D. and Murray, Christopher JL},
  Journal                  = {The Lancet},
  Year                     = {2013},
  Number                   = {9859},
  Pages                    = {2144--2162},
  Volume                   = {380},

  Publisher                = {Elsevier},
  Timestamp                = {2016.01.23}
}

@Electronic{Sander2014,
  Title                    = {The Global Flow of People},
  Author                   = {Nikola Sander and Guy J. Abel and Ramon Bauer},
  Url                      = {http://www.global-migration.info/},
  Year                     = {2014},
  Month                    = {02},
  Note                     = {Online 2015-09-24},
  Organization             = {Wittgenstein Centre for Demography and Global Human Capital},

  HowPublished             = {World Wide Web},
  Timestamp                = {2015.09.24}
}

@Article{Scheller2002,
  Title                    = {Individualisierungsprozesse in den neuen Bundesländern. Zur Freisetzung aus den Arbeitskollektiven},
  Author                   = {Gitta Scheller},
  Journal                  = {Aus Politik und Zeitgeschichte},
  Year                     = {2002},
  Pages                    = {23--29},
  Volume                   = {37-38},

  Timestamp                = {2011.06.12}
}

@Book{Schels2012,
  Title                    = {Arbeitslosengeld-II-Bezug im Übergang in das Erwerbsleben: Lebenslagen, Beschäftigungs- und Ausbildungsbeteiligung junger Erwachsener am Existenzminimum},
  Author                   = {Schels, Brigitte},
  Year                     = {2012},
  Publisher                = {Springer VS},

  Address                  = {Wiesbaden},
  Timestamp                = {2013.11.09}
}

@Article{Scherbov2002,
  Title                    = {Period Fertility in Russia since 1930: an application of the Coale-Trussell fertility model},
  Author                   = {Sergei Scherbov and Harrie van Vianen},
  Journal                  = {Demographic Research},
  Year                     = {2002},
  Pages                    = {455--470},
  Volume                   = {6},

  Timestamp                = {2014.08.25}
}

@Article{Scherer2005,
  Title                    = {Patterns of Labour Market Entry -- Long Wait or Career Instability? An Empirical Comparison of Italy, Great Britain and West Germany},
  Author                   = {Stefani Scherer},
  Journal                  = {European Sociological Review},
  Year                     = {2005},
  Month                    = dec,
  Number                   = {5},
  Pages                    = {427--440},
  Volume                   = {21},

  Timestamp                = {2011.05.15}
}

@Incollection{Scherger2010,
  Title                    = {Den Pudding an die Wand nageln... Individualisierungsprozesse im Spiegel empirischer Studien – Probleme und Präzisierungen},
  Author                   = {Simone Scherger},
  Booktitle                = {Individualisierungen Ein Vierteljahrhundert „jenseits von Stand und Klasse“?},
  Editor                   = {Peter A. Berger and Ronald Hitzler},
  Year                     = {2010},
  Pages                    = {119--138},
  Publisher                = {VS Verlag für Sozialwissenschaften},

  Address                  = {Wiesbaden},
  Timestamp                = {2011.05.16}
}

@Book{Schmidt2006,
  Title                    = {Spätmoderne Beziehungswelten: Report über Partnerschaft und Sexualität in drei Generationen},
  Author                   = {Gunter Schmidt and Silja Matthiesen and Arne Dekker and Kurt Starke},
  Year                     = {2006},
  Publisher                = {VS Verlag für Sozialwissenschaften},

  Address                  = {Wiesbaden},
  Timestamp                = {2013.03.20}
}

@Article{Schoeley2016,
  Title                    = {The Human Mortality Explorer. An Interactive Online Visualization of the Human Mortality Database},
  Author                   = {Jonas Schöley},
  Journal                  = {PAA 2016 conference paper},
  Year                     = {2016},
  Month                    = {03},

  Timestamp                = {2016.03.08}
}

@Electronic{Schoeley2015a,
  Title                    = {The Human Mortality Explorer},
  Author                   = {Jonas Schöley},
  Url                      = {https://jschoeley.shinyapps.io/hmdexp},
  Year                     = {2015},
  Organization             = {Max-Planck Odense Center on the Biodemography of Aging},

  HowPublished             = {World Wide Web},
  Timestamp                = {2015.09.25}
}

@Unpublished{Schoeley2015b,
  Title                    = {The Human Mortality Explorer. An Interactive Online Visualization of the Human Mortality Database},
  Author                   = {Jonas Schöley},
  Year                     = {2015},
  Month                    = {09},
  Note                     = {Submitted and accepted for presentation at the PAA 2016 conference session on "Visualizing Demographic Data"},

  Timestamp                = {2015.11.25}
}

@Unpublished{Schoeley2015c,
  Title                    = {The Gestational Age Pattern of Human Mortality},
  Author                   = {Jonas Schöley},
  Year                     = {2015},
  Month                    = {11},
  Note                     = {Submitted to 7th Demographic Conference of "Young Demographers"},

  Timestamp                = {2015.11.25}
}

@Article{Schoeley2015,
  Title                    = {Visualizing compositional data on the Lexis surface},
  Author                   = {Jonas Schöley and Frans Willekens},
  Journal                  = {PAA 2015 conference paper},
  Year                     = {2015},

  Timestamp                = {2015.01.15}
}

@Mastersthesis{Schreyer2012,
  Title                    = {Der Einfluss der elterlichen Scheidung auf das Partnerschaftsverhalten im Erwachsenenalter},
  Author                   = {Jessica Schreyer},
  Year                     = {2012},
  Month                    = mar,
  Type                     = {Diplomarbeit},

  Address                  = {Bamberg},
  School                   = {Otto-Friedrich-Universität Bamberg},
  Timestamp                = {2013.03.17}
}

@Incollection{Schroeder2009,
  Title                    = {Die Flexibilisierung von Arbeit},
  Author                   = {Jörg Schröder},
  Booktitle                = {Besinnung in flexiblen Zeiten. Leibliche Perspektiven auf postmoderne Arbeit},
  Year                     = {2009},
  Pages                    = {20--82},
  Publisher                = {VS Verlag für Sozialwissenschaften},

  Address                  = {Wiesbaden},
  Timestamp                = {2013.11.21}
}

@Incollection{Schroer2010,
  Title                    = {Individualisierung als Zumutung. Von der Notwendigkeit zur Selbstinszenierung in der visuellen Kultur},
  Author                   = {Markus Schroer},
  Booktitle                = {Individualisierungen Ein Vierteljahrhundert „jenseits von Stand und Klasse“?},
  Editor                   = {Peter A. Berger and Ronald Hitzler},
  Year                     = {2010},
  Pages                    = {275--289},
  Publisher                = {VS Verlag für Sozialwissenschaften},

  Address                  = {Wiesbaden},
  Timestamp                = {2011.05.16}
}

@Incollection{Schwall2012,
  Title                    = {Defining Age and Using Age-Relevant Constructs},
  Author                   = {Alexander R. Schwall},
  Booktitle                = {The Oxford Handbook of Work and Aging},
  Editor                   = {Jerry W. Hedge and Walter C. Borman},
  Year                     = {2012},
  Location                 = {New York, NY},
  Pages                    = {169--186},
  Publisher                = {Oxford University Press},

  Journal                  = {The Oxford handbook of work and aging},
  Timestamp                = {2016.01.22}
}

@Book{Sennett1998,
  Title                    = {Der flexible Mensch. Die Kultur des neuen Kapitalismus},
  Author                   = {Richard Sennett},
  Year                     = {1998},
  Publisher                = {Wissenschaftliche Buchgesellschaft Darmstadt},

  Address                  = {Darmstadt},
  Review                   = {Über jemanden zu sagen, er sei flexibel und anpassungsfähig, war noch vor nicht allzu langer Zeit alles andere als ein Lob, sondern eher verbunden mit den Vorstellungen „wie eine Fahne im Wind“, „rückgratlos“, „ohne festen Charakter“, „Schleimer“. Heute dagegen sind flexible, wandlungsfähige Mitarbeiter allerorten heißest begehrt. Kein Wunder also, daß flexibel und wandlungsfähig nun mit fortschrittlich, offen und dynamisch assoziiert wird. Richard Sennet beschäftigt sich in seinem Buch aber nicht so sehr mit gesellschaftlichen Wertungen, sondern mit der Frage, was diese Anforderungen des „flexibel sein müssens“ und des „morgen kann schon wieder alles ganz anders sein“ beim einzelnen Individuum und auf Ebene der Gesellschaft für Auswirkungen haben. Dabei schafft er es auf faszinierende Art und Weise, herauszuarbeiten, wie diese Forderung nach dem flexiblen Menschen in Konflikt gerät mit dem tiefen persönlichen Bedürfnis nach Langfristigkeit, Verläßlichkeit und Entwicklung. Wenn man keine Gewißheiten mehr hat und keine tiefen Bindungen, dann entsteht nach Sennet eine Art zielloses Dahintreiben, „drift“ genannt. Bei seinen Analysen bleibt Sennet nicht im abstrakten Raum, sondern es gelingt ihm immer wieder, seine philosophischen und soziologischen Ideen entlang sehr konkreter und verdichteter Erlebnisberichte zu entwickeln. Wenn die vor wenigen Jahren noch weit verbreitete Idee, mit 35 oder 40 Jahren schon sehr genau zu wissen, wo man wann in Rente geht und über wieviel Geld man dann verfügen wird, heute bereits als total veraltet wirkt, dann heißt das schlicht: das Leben wir immer weniger berechenbar. Mitunter erkennt man den Nutzen und Wert von Dingen ja erst, wenn man sie zu verlieren droht. Vielleicht gilt das auch für Aspekte wie Verpflichtung, Abhängigkeit, Vertrauen, Sicherheit. Fazit: eines der zentralen Bücher zum Thema „Neue Arbeitswelt“. Anspruchsvolle, zum Nachdenken anregende Kost.},
  Timestamp                = {2011.06.12}
}

@Article{Seo2002,
  Title                    = {Understanding Hierarchical Clustering Results by Interactive Exploration of Dendrograms: A Case Study with Genomic Microarray Data},
  Author                   = {Jinwook Seo and Ben Shneiderman},
  Journal                  = {Computer},
  Year                     = {2002},
  Month                    = {07},
  Number                   = {7},
  Pages                    = {80-86},
  Volume                   = {35},

  Timestamp                = {2015.09.24}
}

@Article{Siler1979,
  Title                    = {A Competing-Risk Model for Animal Mortality},
  Author                   = {William Siler},
  Journal                  = {Ecology},
  Year                     = {1979},
  Number                   = {4},
  Volume                   = {60},

  Timestamp                = {2015.02.02}
}

@Article{Sjaastad1962,
  Title                    = {The Costs and Returns of Human Migration},
  Author                   = {Larry A. Sjaastad},
  Journal                  = {The Journal of Political Economy},
  Year                     = {1962},
  Month                    = {10},
  Number                   = {5},
  Pages                    = {80--93},
  Volume                   = {70},

  Timestamp                = {2015.03.26}
}

@Article{Solga2001,
  Title                    = {Paradoxie der Bildungsexpansion. Die doppelte Benachteiligung von Hauptschülern},
  Author                   = {Heike Solga and Sandra Wagner},
  Journal                  = {Zeitschrift für Erziehungswissenschaft},
  Year                     = {2001},
  Number                   = {1},
  Pages                    = {108--127},
  Volume                   = {4},

  Timestamp                = {2014.01.27}
}

@Article{Spiegel1992,
  Title                    = {Stellen sie 'nen Eimer hin},
  Author                   = {Spiegel},
  Journal                  = {Der Spiegel},
  Year                     = {1992},
  Number                   = {8},
  Pages                    = {63--65},

  Timestamp                = {2015.03.15}
}

@Book{SSL2014,
  Title                    = {Sierra Leone Demographic and Health Survey 2013},
  Author                   = {{Statistics Sierra Leone and ICF International}},
  Year                     = {2014},
  Editor                   = {{Statistics Sierra Leone and ICF International}},
  Publisher                = {SSL and ICF International},

  Address                  = {Freetown, Sierra Leone and Rockville, Maryland, USA},
  Timestamp                = {2015.05.18}
}

@Electronic{StatistikderBundesagenturfuerArbeit2014,
  Title                    = {Arbeitsmarkt in Zahlen - Beschäftigungsstatistik},
  Author                   = {{Statistik der Bundesagentur für Arbeit}},
  Url                      = {http://statistik.arbeitsagentur.de/},
  Year                     = {2014},
  Month                    = jan,
  Note                     = {Online 2013-01-31},

  Address                  = {Nürnberg},
  HowPublished             = {World Wide Web},
  Timestamp                = {2014.01.31}
}

@Booklet{StatistikderBundesagenturfuerArbeit2014a,
  Title                    = {Statistik Erklärt.},
  Author                   = {{Statistik der Bundesagentur für Arbeit}},
  Year                     = {2014},

  Address                  = {Nürnberg},
  Month                    = jan,
  Timestamp                = {2014.02.07}
}

@Electronic{StatistischesBundesamt2013,
  Title                    = {Fachserie 11},
  Author                   = {{Statistisches Bundesamt}},
  Url                      = {http://www.datenportal.bmbf.de/portal/Tabelle-2.4.4.xls},
  Year                     = {2013},
  Note                     = {Online 2013-01-28},

  Address                  = {Wiesbaden},
  HowPublished             = {World Wide Web},
  Timestamp                = {2014.01.28}
}

@Electronic{StatistischesBundesamt2013a,
  Title                    = {Volkswirtschaftliche Gesamtrechnungen. Bruttoinlandsprodukt ab 1970},
  Author                   = {{Statistisches Bundesamt}},
  Url                      = {https://www.destatis.de/DE/ZahlenFakten/GesamtwirtschaftUmwelt/VGR/Inlandsprodukt/Tabellen/BruttoinlandVierteljahresdaten.xlsx?__blob=publicationFile},
  Year                     = {2013},
  Month                    = nov,
  Note                     = {Online 2014-02-07},

  Address                  = {Wiesbaden},
  HowPublished             = {World Wide Web},
  Timestamp                = {2014.02.07}
}

@Book{Danmark1920,
  Title                    = {Statistisk Aarbog 1919},
  Author                   = {{Statistiske Departement Danmark}},
  Year                     = {1920},
  Publisher                = {Nordisk Forlag},
  Series                   = {Danmarks Statistik},

  Address                  = {København},
  Timestamp                = {2015.01.28}
}

@Article{Storn1997,
  Title                    = {Differential Evolution -- A Simple and Efficient Heuristic for Global Optimization over Continuous Spaces},
  Author                   = {Rainer Storn and Kenneth Price},
  Journal                  = {Journal of Global Optimizaiton},
  Year                     = {1997},
  Pages                    = {341--359},
  Volume                   = {11},

  Timestamp                = {2014.07.24}
}

@Article{Struck2006,
  Title                    = {Die Ausweitung von Instabilität? Beschäftigungsdauern und betriebliche Beschäftigungssysteme (BBSS)},
  Author                   = {Olaf Struck and Christoph Köhler and Ina Goetzelt and Michael Grotheer and Tim Schröder},
  Journal                  = {Arbeit},
  Year                     = {2006},
  Number                   = {1},
  Pages                    = {167--180},
  Volume                   = {15},

  Timestamp                = {2011.06.20}
}

@Techreport{Suckow2011,
  Title                    = {Beziehungen und Familienleben in Deutschland (2010/2011) Welle 3},
  Author                   = {Jana Suckow and Philipp Wich and Ulrike Müller and Ulrich Schneekloth},
  Institution              = {TNS Infratest},
  Year                     = {2011},
  Type                     = {Methodenbericht},

  Address                  = {München},
  Timestamp                = {2014.01.24}
}

@Techreport{Terwey2011,
  Title                    = {ALLBUS 2010 - Variable Report},
  Author                   = {Michael Terwey and Stefan Baltzer},
  Institution              = {GESIS Datenarchiv für Sozialwissenschaften},
  Year                     = {2011},
  Month                    = jul,
  Number                   = {2011/02},
  Type                     = {GESIS-Variable Report},

  Address                  = {Bonn},
  Timestamp                = {2012.09.16}
}

@Article{Testa2007,
  Title                    = {Childbearing preferences and family issues in Europe: evidence from the Eurobarometer 2006 survey},
  Author                   = {Testa, Maria Rita},
  Journal                  = {Vienna Yearbook of Population Research},
  Year                     = {2007},
  Pages                    = {357--379},
  Volume                   = {5},

  Publisher                = {JSTOR},
  Timestamp                = {2016.01.24}
}

@Electronic{WorldBank2015,
  Title                    = {World DataBank},
  Author                   = {{The World Bank}},
  Url                      = {http://databank.worldbank.org},
  Year                     = {2015},

  Address                  = {Washington, D.C.},
  HowPublished             = {World Wide Web},
  Timestamp                = {2015.05.17}
}

@Electronic{Therneau2012,
  Title                    = {Package 'survival'},
  Author                   = {Terry Therneau and Thomas Lumley},
  Url                      = {http://cran.r-project.org/web/packages/survival/survival.pdf},
  Year                     = {2012},
  Language                 = {english},
  Month                    = apr,

  HowPublished             = {World Wide Web},
  Timestamp                = {2012.09.20}
}

@Book{Therneau2000,
  Title                    = {Modeling Survival Data: Extending the Cox Model},
  Author                   = {Therneau, Terry M. and Grambsch, Patricia M.},
  Year                     = {2000},
  Editor                   = {K. Dietz and M. Gail and K. Krickeberg and J. Samet and A. Tsiatis},
  Publisher                = {Springer},
  Series                   = {Statistics for Biology and Health},

  Address                  = {New York},
  Timestamp                = {2013.11.09}
}

@Article{Trumbo1981,
  Title                    = {A Theory for Coloring Bivariate Statistical Maps},
  Author                   = {Bruce E. Trumbo},
  Journal                  = {The American Statistician},
  Year                     = {1981},
  Number                   = {4},
  Pages                    = {220--226},
  Volume                   = {36},

  Timestamp                = {2014.08.04}
}

@Book{Tufte1990,
  Title                    = {Envisioning Information},
  Author                   = {Edward R. Tufte},
  Year                     = {1990},
  Edition                  = {10},
  Editor                   = {Edward R. Tufte},
  Publisher                = {Graphics Press},

  Address                  = {Cheshire, Conneticut},
  Timestamp                = {2014.08.31}
}

@Article{Turnbull1976,
  Title                    = {The Empirical Distribution Function with Arbitrarily Grouped, Censored and Truncated Data},
  Author                   = {Bruce W. Turnbull},
  Journal                  = {Journal of the Royal Statistical Society. Series B (Methodological)},
  Year                     = {1976},
  Number                   = {3},
  Pages                    = {290--295},
  Volume                   = {38},

  Timestamp                = {2015.10.29}
}

@Article{Turnbull1974,
  Title                    = {Nonparametric Estimation of a Survivorship Function with Doubly Censored Data},
  Author                   = {Bruce W. Turnbull},
  Journal                  = {Journal of the American Statistical Association},
  Year                     = {1974},
  Month                    = {03},
  Number                   = {345},
  Pages                    = {169--173},
  Volume                   = {69},

  Timestamp                = {2015.10.29}
}

@Book{UNDP2014,
  Title                    = {Human Development Report 2014},
  Author                   = {{United Nations Development Programme}},
  Year                     = {2014},
  Editor                   = {{United Nations Development Programme}},
  Publisher                = {United Nations Development Programme},

  Address                  = {New York},
  Timestamp                = {2015.05.18}
}

@Book{Urban2011,
  Title                    = {Regressionsanalyse: Theorie, Technik und Anwendung},
  Author                   = {Dieter Urban and Jochen Mayerl},
  Year                     = {2011},
  Edition                  = {4},
  Editor                   = {Heinz Sahner and Michael Bayer and Reinhold Sackmann},
  Publisher                = {VS Verlag für Sozialwissenschaften},

  Address                  = {Wiesbaden},
  Timestamp                = {2012.09.20}
}

@Electronic{Vallin2014,
  Title                    = {Database on causes of death in France from 1925 to 1999},
  Author                   = {Jacques Vallin and France Meslé},
  Url                      = {http://www.ined.fr/en/resources_documentation/detailed_data/death_causes_since_1925/},
  Year                     = {2014},
  Note                     = {Online 2014--08--19},
  Organization             = {Institut national d'études démographiques},

  HowPublished             = {World Wide Web},
  Timestamp                = {2014.08.19}
}

@Article{Vandeschrick2001,
  Title                    = {The Lexis diagram, a misnomer},
  Author                   = {Christophe Vandeschrick},
  Journal                  = {Demographic Research},
  Year                     = {2001},
  Month                    = mar,
  Pages                    = {97--124},
  Volume                   = {4},

  Timestamp                = {2014.08.18}
}

@Article{Vascovics2001,
  Title                    = {The sociological theory of post-adolescence},
  Author                   = {László Vascovics},
  Journal                  = {Review of Sociology},
  Year                     = {2001},
  Number                   = {1},
  Pages                    = {5--20},
  Volume                   = {7},

  Timestamp                = {2014.02.14}
}

@Techreport{Vaupel1987,
  Title                    = {Thousands of Data at a Glance: Shaded Contour Maps of Demographic Surfaces},
  Author                   = {James W. Vaupel and Bradley A. Gambill and Anatoli I. Yashin},
  Institution              = {International Institute for Applied Systems Analysis (IIASA)},
  Year                     = {1987},
  Number                   = {RR-87-16},
  Type                     = {Research Report},

  Address                  = {Laxenburg, Austria},
  Editor                   = {James W. Vaupel and Bradley A. Gambill and Anatoli I. Yashin},
  Publisher                = {International Institute for Applied Systems Analysis},
  Timestamp                = {2014.09.05}
}

@Article{Vaupel1979,
  Title                    = {The impact of heterogeneity in individual frailty on the dynamics of mortality},
  Author                   = {James W. Vaupel and Kenneth G. Manton and Eric Stallard},
  Journal                  = {Demography},
  Year                     = {1979},
  Month                    = aug,
  Number                   = {3},
  Pages                    = {439--454},
  Volume                   = {16},

  Timestamp                = {2014.11.10}
}

@Article{Vaupel2014,
  Title                    = {Unobserved population heterogeneity: A review of formal relationships.},
  Author                   = {James W. Vaupel and Trifon I. Missov},
  Year                     = {2014},
  Number                   = {22},
  Pages                    = {659--685},
  Volume                   = {31},

  Journaltitle             = {Demographic Research},
  Timestamp                = {2015.12.15}
}

@Article{Vaupel1985,
  Title                    = {Heterogeneity's Ruses: Some Surprising Effects of Selection on Population Dynamics},
  Author                   = {James W. Vaupel and Anatoli I. Yashin},
  Journal                  = {The American Statistician},
  Year                     = {1985},
  Number                   = {3},
  Pages                    = {176--185},
  Volume                   = {39},

  Timestamp                = {2015.02.02}
}

@Article{Vaupel1988,
  Title                    = {Debilitation's aftermath: Stochastic process models of mortality},
  Author                   = {James W. Vaupel and Anatoli I. Yashin and Kenneth G. Manton},
  Journal                  = {Mathematical Population Studies},
  Year                     = {1988},
  Number                   = {1},
  Pages                    = {21--48},
  Volume                   = {1},

  Timestamp                = {2014.11.30}
}

@Article{Vennemann2003,
  Title                    = {Kindstodinzidenz im internationalen Vergleich},
  Author                   = {M. Vennemann and D. Fischer and M. Findeisen},
  Journal                  = {Monatsschrift Kinderheilkunde},
  Year                     = {2003},
  Pages                    = {510--513},
  Volume                   = {5},

  Timestamp                = {2015.03.14}
}

@Electronic{Voelpel2010,
  Title                    = {Niedriglöhne auf dem Vormarsch. Die flexiblen Deutschen},
  Author                   = {Eva Völpel},
  Url                      = {http://www.taz.de/1/zukunft/wirtschaft/artikel/1/die-flexiblen-deutschen/},
  Year                     = {2010},
  Organization             = {taz},
  Urldate                  = {2011-07-01},

  HowPublished             = {World Wide Web},
  Journal                  = {taz},
  Timestamp                = {2011.07.01}
}

@Article{Voss1998,
  Title                    = {Der Arbeitskraftunternehmer. Eine neue Grundform der Ware Arbeitskraft?},
  Author                   = {Günter Voß and Hans J. Pongratz},
  Journal                  = {Kölner Zeitschrift für Soziologie und Sozialpsychologie},
  Year                     = {1998},
  Pages                    = {131--158},
  Volume                   = {50},

  Timestamp                = {2014.02.04}
}

@Book{Ware2013,
  Title                    = {Information Visualization. Perception for Design},
  Author                   = {Colin Ware},
  Year                     = {2013},
  Edition                  = {3},
  Editor                   = {Meg Dunkerley and Heather Scherer},
  Publisher                = {Elsevier},

  Address                  = {Waltham, MA},
  Timestamp                = {2014.08.04}
}

@Article{Ware1988,
  Title                    = {Using Color Dimensions to Display Data Dimensions},
  Author                   = {Colin Ware},
  Journal                  = {Human Factors: The Journal of the Human Factors and Ergonomics Society},
  Year                     = {1988},
  Number                   = {2},
  Pages                    = {127--142},
  Volume                   = {30},

  Timestamp                = {2014.08.04}
}

@Article{Warren2002,
  Title                    = {Occupational Stratification across the Life Course: Evidence from the Wisconsin Longitudinal Study},
  Author                   = {Warren, John Robert and Sheridan, Jennifer T. and Hauser, Robert M.},
  Journal                  = {American Sociological Review},
  Year                     = {2002},
  ISSN                     = {00031224},
  Language                 = {English},
  Number                   = {3},
  Pages                    = {432--455},
  Url                      = {http://www.jstor.org/stable/3088965},
  Volume                   = {67},

  Copyright                = {Copyright © 2002 American Sociological Association},
  Jstor_articletype        = {research-article},
  Jstor_formatteddate      = {Jun., 2002},
  Publisher                = {American Sociological Association},
  Timestamp                = {2013.11.09}
}

@Inproceedings{Wauer2012,
  Title                    = {Säuglingssterblichkeit in Deutschland und Berlin -- Unterschiede in Ost und West},
  Author                   = {Wauer, Roland R.},
  Booktitle                = {10. Interdisziplinärer SGA-Workshop, Proceedingband 2012},
  Editor                   = {Siegfried Zabransky},
  Year                     = {2012},
  Pages                    = {88--113},
  Publisher                = {Medizinischer Verlag Siegfried Zabransky},

  Timestamp                = {2015.03.14}
}

@Inproceedings{Wauer2013,
  Title                    = {Inge Rapoport -- Nestorin der deutschen Neonatologie},
  Author                   = {Wauer, Roland R.},
  Booktitle                = {Sitzungsberichte der Leibniz-Sozietät der Wissenschaften zu Berlin},
  Year                     = {2013},
  Pages                    = {37--59},
  Volume                   = {115},

  Timestamp                = {2015.03.14}
}

@Article{Widmer2009,
  Title                    = {The de-standardization of the life course: Are men and women equal?},
  Author                   = {Eric D. Widmer and Gilbert Ritschard},
  Journal                  = {Advances in Life Course Research},
  Year                     = {2009},
  Pages                    = {28--39},
  Volume                   = {14},

  Timestamp                = {2011.05.24}
}

@Book{Wienke2011,
  Title                    = {Frailty Models in Survival Analysis},
  Author                   = {Andreas Wienke},
  Year                     = {2011},
  Editor                   = {Shein-Chung Chow},
  Publisher                = {Taylor \& Francis},
  Series                   = {Chapman \& Hall/CRC biostatistics series},

  Address                  = {Boca Raton},
  Timestamp                = {2014.11.11}
}

@Article{Wienke2003,
  Title                    = {The heritability of cause-specific mortality: a correlated gamma-frailty model applied to mortality due to respiratory diseases in Danish twins born 1870--1930},
  Author                   = {Andreas Wienke and Niels V. Holm and Kaare Christensen and Axel Skytthe and James W. Vaupel and Anatoli I. Yashin},
  Journal                  = {Statistics in medicine},
  Year                     = {2003},
  Number                   = {24},
  Pages                    = {3873--3887},
  Volume                   = {22},

  Journaltitle             = {Statistics in Medicine},
  Publisher                = {Wiley Online Library},
  Timestamp                = {2015.12.15}
}

@Book{Wiesner2001,
  Title                    = {Der Lebensverlängerungsprozess in Deutschland. Stand -- Entwicklung -- Folgen},
  Author                   = {Gerd Wiesner},
  Year                     = {2001},
  Editor                   = {Gerd Wiesner},
  Publisher                = {Robert Koch-Institut},
  Series                   = {Beiträge zur Gesundheitsberichterstattung des Bundes},

  Address                  = {Berlin},
  Timestamp                = {2015.03.15}
}

@Book{Wilkinson2005,
  Title                    = {The Grammar of Graphics},
  Author                   = {Leland Wilkinson},
  Year                     = {2005},
  Edition                  = {2},
  Editor                   = {Leland Wilkinson},
  Publisher                = {Springer},
  Series                   = {Statistics and Computing},

  Address                  = {New York},
  Timestamp                = {2014.08.31}
}

@Book{Willekens2014,
  Title                    = {Multistate Analysis of Life Histories with R},
  Author                   = {Frans Willekens},
  Year                     = {2014},
  Editor                   = {Frans Willekens},
  Publisher                = {Springer},
  Series                   = {UseR!},

  Address                  = {New York},
  Timestamp                = {2014.08.18}
}

@Manual{Willekens2013,
  Title                    = {Package ‘Biograph’},
  Author                   = {Frans Willekens},
  Year                     = {2013},
  Note                     = {Version 2.0.4},

  Month                    = sep,
  Timestamp                = {2014.01.27}
}

@Book{Willekens2013a,
  Title                    = {Multistate analysis of life histories with R},
  Author                   = {Frans Willekens},
  Year                     = {2013},
  Note                     = {Noch nicht veröffentlicht},

  Timestamp                = {2014.01.27}
}

@Electronic{Willekens2013b,
  Title                    = {Biograph: Explore life histories},
  Author                   = {Frans Willekens},
  Url                      = {http://cran.r-project.org/web/packages/Biograph/index.html},
  Year                     = {2013},
  Month                    = sep,
  Note                     = {Online 2014-11-26},
  Organization             = {The R Project for Statistical Computing},

  HowPublished             = {CRAN},
  Timestamp                = {2014.11.26}
}

@Techreport{Wilmoth2007,
  Title                    = {Methods Protocol for the Human Mortality Database},
  Author                   = {J.R. Wilmoth and K. Andreev and D. Jdanov and D.A. Glei and C. Boe and M. Bubenheim and D. Philipov and V. Shkolnikov and P. Vachon},
  Institution              = {University of California, Berkeley (USA) and Max Planck Institute for Demographic Research (Germany)},
  Year                     = {2007},
  Month                    = may,

  Timestamp                = {2015.03.03}
}

@Book{Windzio2003,
  Title                    = {Organisation, Strukturwandel und Arbeitsplatzmobilität},
  Author                   = {Michael Windzio},
  Year                     = {2003},
  Publisher                = {Westdeutscher Verlag},

  Address                  = {Wiesbaden},
  Timestamp                = {2014.02.06}
}

@Article{Windzio2001,
  Title                    = {Organisationsökologie und Arbeitsmarktmobilität im sozialen Wandel: Eine empirische Analyse am Beispiel Ostdeutschland},
  Author                   = {Windzio, Michael},
  Journal                  = {Zeitschrift für Soziologie},
  Year                     = {2001},
  Month                    = apr,
  Number                   = {2},
  Pages                    = {116--134},
  Volume                   = {30},

  Keywords                 = {Organisationsökologie, Organisation, Organisationsgründungen, Intragenerationale Mobilität, Arbeitsmarkt, Postsozialismus, Transformation, Bundesrepublik Deutschland, Ostdeutschland},
  Timestamp                = {2013.11.09}
}

@Incollection{Windzio2000,
  Title                    = {Gelegenheitsstrukturen beruflicher Mobilität},
  Author                   = {Michael Windzio and Matthias Rasztar},
  Booktitle                = {Die Generation der Wende},
  Editor                   = {Reinhold Sackmann and Ansgar Weymann and Matthias Wingens},
  Year                     = {2000},
  Chapter                  = {2},
  Pages                    = {89--112},
  Publisher                = {Westdeutscher Verlag},

  Address                  = {Wiesbaden},
  Timestamp                = {2014.02.06}
}

@Incollection{Wingerter2011,
  Title                    = {Der Eintritt junger Menschen in das Erwerbsleben: Ergebnisse der Arbeitskräfteerhebung 2009},
  Author                   = {Christian Wingerter},
  Booktitle                = {Wirtschaft und Statistik 2/2010},
  Year                     = {2011},
  Publisher                = {Statistisches Bundesamt},

  Address                  = {Wiesbaden},
  Month                    = feb,
  Timestamp                = {2011.05.22}
}

@Article{Wohlrab-Sahr1992,
  Title                    = {Institutionalisierung oder Individualisierung des Lebenslaufs? Anmerkungen zu einer festgefahrenen Debatte},
  Author                   = {Monika Wohlrab-Sahr},
  Journal                  = {Zeitschrift für Biographieforschung, Oral History und Lebensverlaufsanalysen},
  Year                     = {1992},
  Pages                    = {1--19},
  Volume                   = {1},

  Timestamp                = {2011.06.07}
}

@Article{Wolbers2007,
  Title                    = {Patterns of Labour Market Entry. A Comparative Perspective on School-to-Work Transitions in 11 European Countries},
  Author                   = {Maarten H. J. Wolbers},
  Journal                  = {Acta Sociologica},
  Year                     = {2007},
  Number                   = {3},
  Pages                    = {189--2010},
  Volume                   = {50},

  Timestamp                = {2011.05.15}
}

@Electronic{WHO2009,
  Title                    = {Birth to 24 months: Boys Head circumference-for-age and Weight-for-length-percentiles},
  Author                   = {{World Health Organisation}},
  Url                      = {http://www.cdc.gov/growthcharts/data/who/grchrt_boys_24hdcirc-l4w_rev90910.pdf},
  Year                     = {2009},
  Month                    = {11},
  Note                     = {Online 2015-11-08},
  Organization             = {{CDC}},

  HowPublished             = {World Wide Web},
  Timestamp                = {2015.11.08}
}

@Book{Yeates2009,
  Title                    = {Globalizing care economies and migrant workers: explorations in global care chains},
  Author                   = {Yeates, Nicola},
  Year                     = {2009},
  Location                 = {UK},
  Publisher                = {Palgrave Macmillan},

  Timestamp                = {2016.01.24}
}

@Article{Ziegler2007,
  Title                    = {Überlebenszeitanalyse: Der Log-Rang-Test},
  Author                   = {A. Ziegler and S. Lange and R. Bender},
  Journal                  = {Deutsche Medizinische Wochenschrift},
  Year                     = {2007},
  Pages                    = {39--41},
  Volume                   = {132},

  Timestamp                = {2012.09.20}
}

@Book{Dangeville1836,
  Title                    = {Essai sur la Statistique de la Population francaise},
  Year                     = {1836},
  Editor                   = {Adolphe d'Angeville},
  Publisher                = {F. Doufour},

  Address                  = {Bourg-en-Bresse},
  Timestamp                = {2014.08.18}
}

@Proceedings{Blossfeld2007a,
  Title                    = {Globalisierung und ihre Folgen für die Familie. Tagungsband zur gemeinsamen Fachtagung der Arbeitsgemeinschaft Familie (AGF) und des Staatsinstituts für Familienforschung and der Universität Bamberg},
  Editor                   = {Hans-Peter Blossfeld},
  Year                     = {2007},
  Number                   = {3},
  Organization             = {ifb -- Staatsinstitut für Familienforschung an der Universität Bamberg},
  Series                   = {ifb-Materialien},

  Address                  = {Bamberg},
  Timestamp                = {2011.06.20}
}

@Proceedings{Muehling2012,
  Title                    = {Beziehungsverläufe in West- und Ostdeutschland -- Stabilität und Übergänge},
  Editor                   = {Tanja Mühling and Jessica Schreyer},
  Year                     = {2012},
  Number                   = {4},
  Organization             = {ifb -- Staatsinstitut für Familienforschung an der Universität Bamberg},
  Series                   = {ifb-Materialien},

  Address                  = {Bamberg},
  Timestamp                = {2013.03.19}
}

@Book{Reinders2003,
  Title                    = {Jugendzeit -- Time Out? Zur Ausgestaltung des Jugendalters als Moratorium.},
  Year                     = {2003},
  Editor                   = {Heinz Reinders and Elke Wild},
  Publisher                = {Leske + Budrich},

  Address                  = {Opladen},
  Timestamp                = {2014.02.14}
}

@Book{Walker1874,
  Title                    = {Statistical Atlas of the United States, Based on the Results of Ninth Census, 1870, with Contributions from Many Eminent Men of Science and Several Departments of the Federal Government},
  Year                     = {1874},
  Editor                   = {Francis A. Walker},
  Publisher                = {Julius Bien},

  Address                  = {New York},
  Timestamp                = {2014.08.18}
}

@Book{Zeuner1869,
  Title                    = {Abhandlungen aus der Mathematischen Statistik},
  Year                     = {1869},
  Editor                   = {Gustav Zeuner},
  Publisher                = {Verlag von Arthur Felix},

  Address                  = {Leipzig},
  Timestamp                = {2014.08.18}
}

@comment{jabref-meta: selector_publisher:}

@comment{jabref-meta: selector_author:}

@comment{jabref-meta: selector_journal:}

@comment{jabref-meta: selector_keywords:}

